2508 4120
640 182 761 218 car.
805 181 887 220 iv.
935 182 1003 216 nn
1037 178 1398 218 nA'rulmomls
1441 168 1665 217 nmis.
2072 155 2185 216 387

85 321 495 404 compellunt.
517 321 659 381 dum
700 341 798 380 eos
832 340 1037 399 urgere
1069 321 1344 379 nituntur
1375 319 1452 379 ad
1486 319 1723 401 nuptias
1763 320 1970 379 mixtas
2006 319 2191 383 bene-

87 418 336 477 dictione
356 415 538 478 aliove
559 416 677 474 ritu
691 436 851 474 sacro
872 413 1267 474 honestandas
1286 457 1304 486 ,
1328 413 1606 494 neglectis
1628 415 1918 475 canonicis
1941 414 2184 496 legibus·

87 513 251 590 Ergo.

168 605 306 666 315.
348 607 623 683 Majorem
637 603 808 681 hujus
828 602 1157 681 argumenti
1170 602 1634 684 propositionem
1656 624 1732 663 ne
1750 602 1824 662 ab
1844 603 2189 666 adversariis

85 700 323 782 quidem
342 699 554 757 nostris
568 698 630 756 in
643 696 888 756 dubium
909 696 1168 756 revocari
1191 717 1360 778 posse
1383 697 1806 759 existimamus,
1827 699 1910 757 Ex
1931 699 1999 758 iis
2031 699 2191 759 enim

84 795 203 854 fere
225 792 508 874 capitibus
531 803 761 854 veteres
784 791 1109 851 christianae
1129 791 1419 870 religionis
1449 791 1763 873 apologetae
1780 792 2189 868 ostenderunt,

84 887 158 947 ab
201 886 650 970 Imperatoribus
701 887 944 946 ethnicis
992 897 1194 946 contra
1249 885 1605 963 Christianos
1654 897 1715 946 et
1773 886 1925 966 leges
1989 888 2194 970 inique

86 984 257 1042 fuisse
290 983 435 1042 latas
475 993 536 1042 et
572 981 932 1063 iniquissime
964 981 1235 1041 saevitum
1263 981 1376 1060 (l).
1420 982 1673 1039 Rursum
1706 991 2014 1042 novatores
2058 982 2144 1041 illi
2170 1028 2189 1056 .‚

86 1078 185 1160 qui
209 1078 374 1137 initio
401 1076 573 1136 seculi
605 1077 734 1135 XVI
768 1080 1185 1155 reformatores
1213 1075 1531 1148 Ecclesiae,
1569 1075 1679 1135 hoc
1718 1086 1839 1152 est,
1877 1076 2193 1158 perturba-

84 1184 273 1248 toreS,
313 1172 423 1232 dici
469 1171 814 1246 voluerunt,
852 1192 985 1230 cum
1026 1191 1087 1230 se
1137 1169 1510 1231 ad—Ecclesiae
1550 1170 1943 1232 obedientiam
1984 1172 2194 1233 adduci

87 1269 372 1328 sentirent
394 1266 810 1327 catholicorum
846 1266 1186 1347 Principum
1219 1267 1594 1342 auctoritate,
1624 1267 1854 1326 nullum
1891 1269 2072 1327 finem
2098 1269 2195 1328 fe·-

85 1383 213 1422 cere
253 1362 572 1421 clamorum
607 1372 667 1420 et
702 1360 1073 1442 querelarum
1093 1404 1109 1434 ,
1140 1360 1250 1419 hac
1287 1383 1404 1420 una
1442 1361 1516 1421 de
1548 1383 1715 1420 causa
1734 1406 1750 1436 ,
1781 1362 1939 1444 quod
1970 1362 2106 1423 fidei
2128 1384 2194 1422 ac

85 1457 446 1516 conscientiae
475 1476 591 1515 suae
618 1455 806 1515 obniti
840 1467 1043 1515 contra
1061 1460 1159 1534 jus
1186 1455 1388 1537 fasque
1412 1467 1773 1535 cogerentur.
1815 1460 2068 1517 Demum
2089 1458 2192 1516 iis-

84 1550 219 1610 dem
252 1549 598 1610 clamoribus
637 1562 698 1610 et
735 1550 982 1631 querelis
1024 1550 1428 1632 obstreperent
1464 1552 1676 1609 nostris
1703 1551 1939 1628 auribus
1971 1552 2011 1610 ii
2048 1553 2192 1633 ipsi,

84 1645 185 1727 qui
213 1665 372 1703 nunc
400 1643 726 1704 Catholicos
753 1656 1003 1719 vexant,
1039 1645 1087 1703 si
1106 1666 1304 1704 rerum
1338 1645 1716 1704 conversione
1742 1646 1889 1704 facta
1928 1653 2195 1726 cogeren-

85 1752 182 1799 tur
222 1739 409 1799 simile
460 1739 764 1822 quidpiam
808 1762 841 1800 a
895 1739 1191 1799 catholicis
1245 1739 1578 1798 hominibus
1627 1741 1749 1820 pati
1776 1785 1793 1813 ,
1849 1763 2188 1823 quanquam

89 1834 322 1915 utrique
348 1835 573 1893 ratione
590 1835 737 1912 juris
764 1845 1006 1893 utantur
1030 1833 1349 1893 admodum
1372 1834 1589 1913 dispari
1623 1835 1732 1913 (2).

166 1929 305 1988 316.
335 1931 371 1989 J
375 1951 612 1990 amvero
630 1930 824 1988 minor
842 1929 1160 2011 propositio
1176 1950 1339 2008 aeque
1359 1929 1791 1989 evidentissima
1821 1940 1930 1988 est.
1960 1931 2193 1990 Etenim

86 2024 401 2105 quominus
435 2024 771 2084 Sacerdotes
818 2023 1083 2084 catholici
1122 2026 1357 2104 nuptias
1398 2025 1608 2082 mixtas
1650 2044 1809 2082 sacro
1847 2024 1964 2083 ritu
2005 2025 2191 2085 coho-

88 2131 342 2194 nestent,
367 2120 765 2200 praetermissis
779 2120 1167 2179 ecclesiasticis
1183 2118 1435 2198 legibus,
1464 2119 1596 2178 facit
1621 2119 1887 2200 inprimis
1903 2141 1991 2195 ea,
2010 2141 2189 2202 quam

87 2214 474 2294 profitentur,
514 2214 675 2273 fides.
708 2217 858 2273 Nam
886 2213 1030 2275 fides
1051 2213 1333 2273 catholica
1362 2213 1570 2287 docet,
1611 2225 1678 2272 ut
1697 2235 1872 2296 supra
1916 2215 2189 2275 animad-

83 2310 387 2383 vertimuS‚
424 2309 669 2382 nemini,
694 2309 796 2390 qui
819 2320 1087 2370 versetur
1115 2319 1276 2367 extra
1300 2307 1640 2366 catholicam
1666 2308 1996 2385 Ecclesiam,
2025 2331 2193 2391 spem

83 2400 265 2459 ullam
313 2402 512 2461 salutis
554 2402 842 2483 reliquam
889 2424 1032 2462 esse.
1075 2403 1256 2480 Igitur
1296 2402 1399 2480 qui
1448 2401 1732 2478 ejusmodi
1775 2401 1998 2461 ducunt
2047 2423 2190 2463 con-

83 2493 264 2554 nubia
295 2541 311 2570 .,
347 2495 460 2554 nisi
495 2495 822 2577 spondeant
849 2516 973 2555 sese
998 2494 1337 2567 effecturoS‚
1362 2505 1428 2553 ut
1465 2516 1599 2576 pars
1634 2495 1945 2555 acatholica
1990 2518 2188 2558 veram

83 2588 422 2668 religionem
466 2589 865 2671 amplectatur
890 2601 950 2650 et
993 2588 1190 2671 proles
1236 2588 1427 2647 omnis
1476 2610 1549 2649 ex
1590 2590 1960 2650 Matrimonio
2005 2593 2188 2652 susci-

82 2684 298 2765 pienda
330 2685 393 2742 in
436 2705 575 2745 vera
626 2684 902 2764 religione
947 2685 1323 2751 instituatur,
1374 2684 1414 2742 ii
1462 2704 1735 2765 perverse
1790 2696 1970 2766 agunt
2012 2696 2189 2768 atque
2258 2744 2260 2746 .

83 2779 265 2861 impie
290 2823 306 2854 ,
332 2801 464 2839 cum
492 2802 553 2840 se
575 2781 686 2863 ipsi
706 2801 770 2839 ac
794 2778 1054 2839 sobolem
1085 2778 1511 2861 suscipiendam
1544 2791 1842 2861 exponant
1866 2781 2184 2840 certissimo

79 2875 272 2933 exiti0.
312 2874 506 2952 Quare
537 2875 744 2936 eodem
774 2874 874 2934 illo
913 2886 1044 2934 actu
1086 2886 1259 2955 grave
1295 2875 1515 2934 crimen
1552 2875 1911 2951 admittunt,
1955 2876 2186 2936 dicente

82 2970 355 3050 Apostolo
385 2994 398 3031 :
433 2972 556 3052 Qui
581 2992 834 3031 suorum
855 2982 911 3030 et
929 2974 1186 3030 mamime
1211 2972 1662 3029 domesticorum
1684 2992 1896 3030 euram
1928 2992 2047 3029 non
2076 2972 2189 3029 Ιια-

83 3065 207 3133 bet,
234 3066 410 3143 fidem
427 3070 679 3147 neqavit,
702 3077 756 3126 et
774 3077 857 3126 est
877 3068 1111 3146 infideli
1132 3066 1386 3125 deterior
1400 3063 1506 3146 (3).
1529 3067 1854 3125 Immanem
1877 3064 2190 3124 crudelita-

153 3308 226 3371 (1)
261 3307 359 3356 cfr.
393 3307 598 3358 Tei-tull.
626 3309 914 3377 Apoloqetic.
943 3327 995 3358 n.
1033 3326 1050 3357 1
1078 3347 1091 3370 ,
1177 3311 1246 3357 tit.
1278 3307 1441 3357 Judex
1461 3318 1505 3357 et
1540 3309 1640 3356 dux
1677 3307 2003 3358 haereticorum
2035 3310 2188 3358 nostri

86 3398 129 3437 et
163 3404 226 3450 23
263 3387 433 3438 sustin.
464 3389 665 3455 Apoloq.
686 3408 732 3451 1,
762 3409 814 3440 n.
849 3390 878 3439 3
900 3401 946 3440 et
962 3398 1094 3456 seqq.
1177 3393 1428 3458 temporis,
1476 3393 1723 3457 praesertim
1768 3408 1873 3455 cap.
1927 3407 1978 3439 ιι
2008 3429 2021 3451 ,
2067 3401 2183 3441 tom.

86 3469 258 3522 Minut.
305 3471 446 3521 Felix.
494 3475 544 3520 in
599 3472 802 3523 Octavio
835 3511 849 3536 ‚
907 3492 959 3522 n.
1011 3470 1099 3522 35-
1180 3491 1311 3534 xm,
1347 3492 1451 3539 pag.
1497 3469 1591 3522 115
1642 3483 1688 3521 et
1732 3490 1863 3538 seqq.
1915 3489 2022 3539 opp.
2069 3475 2182 3523 edit.

49 3596 57 3605 ,
89 3549 182 3613 38,
214 3563 306 3602 etc.
1179 3555 1416 3605 Ratisbon.

155 3635 219 3698 (2)
258 3636 354 3685 Cfr.
413 3635 514 3687 Jac.
561 3634 764 3688 Gretzeri
815 3655 975 3703 opusc.
1023 3640 1098 3687 cui
1251 3638 1316 3701 (3)
1352 3636 1448 3686 lad
1481 3633 1761 3697 Timoth.v..,
1784 3632 1874 3706 8‘.
