2612 4146
550 206 618 242 DE
661 203 812 243 Ecct.
855 201 1160 240 POTESTATR
1202 201 1546 239 concamium
1589 200 2022 240 INDULGEN‘HAS.
2294 185 2328 241 7

198 362 211 370 “
225 347 448 404 donetis
466 356 522 403 et
538 346 988 403 consolemini...
1009 342 1174 403 Nam
1190 354 1242 402 et
1255 365 1352 423 eyo
1373 344 1533 422 quod
1550 343 1807 415 donavi,
1832 348 1893 403 si
1911 345 2067 423 quid
2083 344 2328 419 donavi,

214 452 464 522 propter
480 462 572 500 vos
603 445 672 499 in
683 461 938 519 persona
972 440 1209 498 Christi.
1237 442 1321 499 De
1355 440 1712 521 poenitentiae
1736 461 1875 498 sane
1903 440 2331 502 condonatione

211 529 383 594 ‘hunc
403 535 591 594 locum
613 534 1026 595 intellexerunt
1051 536 1107 594 S.
1129 535 1299 593 Joan.
1323 534 1762 614 Chrysostomus
1788 579 1804 608 ,
1835 533 2332 616 Theophylactus,

226 629 616 689 Theodoretus
644 642 703 689 et
729 630 1120 689 OEcumenius
1153 649 1223 688 ex
1248 628 1493 704 GraeciS,
1519 639 1579 688 et
1607 631 1664 688 S.
1695 628 2029 689 Ambrosius
2055 645 2119 689 ac
2146 632 2202 690 S.
2229 633 2331 690 Pa-

223 725 417 783 cianus
444 726 598 784 inter
623 725 856 784 Latinos
891 724 1006 805 (1).

309 818 403 878 13.
453 821 574 879 Hac
614 819 818 879 eadem
861 818 1132 878 facultate
1174 816 1458 874 instructa
1500 815 1746 875 Ecclesia
1782 829 2066 899 perpetuo
2107 841 2172 879 ea
2227 839 2356 898 usa*

222 924 311 972 est
342 935 407 972 ac
446 914 508 972 in
541 915 769 995 praxim
802 935 932 972 eam
968 909 1248 983 deduxit3
1283 930 1349 967 ac
1376 909 1440 967 10
1476 908 1715 990 quidem
1750 925 1883 969 cum
1923 912 1996 970 ab
2042 915 2332 995 Episcopis

222 1019 322 1066 aut
347 1007 698 1089 presbyteris
725 1009 783 1066 in
807 1006 993 1087 capite
1015 1003 1465 1085 quadragesimas
1484 1003 1979 1065 sacramentaliter
2000 1006 2293 1068 absolutos
2313 1053 2331 1083 .,

222 1102 362 1162 seria
391 1105 436 1162 V
479 1103 539 1162 in
565 1105 742 1163 Coena
770 1100 1005 1159 Domini
1026 1097 1099 1157 ab
1121 1098 1380 1157 ulteriori
1403 1119 1578 1179 poena
1614 1100 1875 1185 Episcopi
1917 1099 2329 1177 absolvebant3

226 1219 401 1279 quem
422 1220 589 1256 usum
606 1217 710 1278 per
731 1195 933 1255 decem
947 1195 1172 1254 circiter
1184 1194 1376 1275 priora
1389 1193 1647 1275 Ecclesiae
1662 1193 1851 1254 secula
1878 1195 2122 1274 viguisse
2139 1198 2332 1256 certis-
2357 1275 2361 1278 γ

226 1294 384 1351 simis
413 1291 777 1351 documentis
801 1301 1027 1351 constat
1055 1288 1165 1369 (2)
1195 1290 1345 1347 Sane
1382 1287 1458 1347 ad
1509 1288 1664 1347 hunc
1692 1288 1963 1348 alludunt
1990 1291 2048 1348 S.
2092 1290 2332 1351 Ambro-

222 1387 337 1444 sius
381 1386 473 1464 (3)
494 1431 510 1461 ,
545 1388 603 1445 S.
637 1387 747 1445 Leo
777 1387 854 1446 M.
883 1384 969 1465 (4)
993 1429 1009 1459 .,
1040 1405 1147 1443 nec
1181 1405 1302 1442 non
1341 1382 1596 1443 Conciliav
1626 1384 2098 1465 Carthaginiense
2130 1388 2202 1445 IV
2244 1387 2333 1467 (5)

222 1492 281 1540 et
307 1480 750 1561 Agathenseffi)
773 1525 789 1555 .,
816 1501 881 1539 ac
911 1479 983 1539 de
1016 1500 1084 1539 eo
1113 1500 1382 1559 expresse
1405 1477 1665 1560 loquitur
1694 1479 1853 1539 Ordo
1880 1482 2176 1541 Romanus
2207 1483 2334 1562 (7),

221 1586 289 1634 ut
310 1574 478 1657 plura
504 1575 613 1635 alia
634 1574 875 1639 indubia
900 1585 1282 1634 monumenta
1305 1584 1650 1656 praeteream
1669 1619 1686 1649 ,
1704 1580 1786 1634 'ex
1807 1574 2017 1657 quibus
2049 1588 2327 1659 praeterea

222 1681 448 1729 constat
476 1693 506 1730 a
527 1667 927 1731 Sacerdotibus
941 1691 1149 1730 manus
1165 1670 1465 1751 impositas
1482 1669 1656 1730 fuisse
1677 1671 2101 1752 poenitentibus
2127 1674 2337 1755 quovis-

221 1764 332 1825 alio
366 1776 653 1847 tempore.

263 1891 266 1894 ·
305 1860 400 1919 14.
442 1861 510 1918 20
535 1859 757 1920 Deinde
771 1859 880 1919 hac
906 1858 1110 1919 eadem
1137 1870 1424 1942 potestate
1452 1861 1771 1943 antiquitus
1799 1862 2043 1922 Ecclesia
2060 1885 2160 1922 usa
2195 1876 2283 1922 est
2307 1908 2322 1937 ,

180 1965 183 1967 Α
222 1976 351 2014 cum
391 1954 467 2014 ad
486 1977 685 2038 preces
723 1957 1043 2036 Martyrum
1076 1955 1339 2038 Episcopi
1376 1956 1439 2014 in
1475 1955 1863 2016 idololatriam
1888 1958 2061 2040 lapsis
2089 1958 2327 2039 aliisque

127 2058 130 2061 ’
222 2049 467 2131 publicis
496 2050 894 2132 peccatoribus
929 2052 1302 2109 constitutam
1350 2072 1590 2132 poenam
1621 2072 1723 2110 seu
1751 2053 2199 2113 satisfactionem
2236 2054 2328 2113 vel

220 2165 289 2203 ex
319 2156 442 2204 toto
465 2145 559 2226 vel
587 2167 658 2204 ex
680 2155 847 2228 parte
875 2143 1216 2204 relaxabant
1234 2190 1249 2219 ,
1285 2146 1362 2203 ita
1394 2156 1460 2203 ut
1484 2144 1606 2204 haec
1624 2145 1909 2206 'relaxatio
1937 2168 2037 2208 seu
2066 2149 2337 2208 remissio-

286 2306 358 2373 (Ι)
396 2307 531 2372 Apud
573 2311 674 2358 citt.
711 2318 837 2357 auct.
883 2310 934 2356 in
983 2318 1233 2374 utrumque
1307 2274 1375 2356 est
1394 2308 1484 2357 hoc
1507 2308 1688 2358 Concil.
1724 2328 1847 2358 anno
1865 2309 1979 2378 398.

226 2388 442 2454 Apostoli
461 2387 617 2438 locum
638 2426 651 2453 ‚
683 2407 769 2438 nec
790 2408 887 2438 non
912 2389 1139 2450 Modum,
1159 2387 1233 2439 De

218 2471 480 2521 Poenitent.
517 2472 602 2522 lib.
646 2490 724 2532 vi,
774 2491 878 2538 cap.
933 2489 987 2521 ιι
1010 2511 1022 2533 ,
1064 2472 1091 2538 S
1124 2489 1154 2520 2
1188 2484 1233 2522 et

217 2571 350 2618 seqq.
368 2554 451 2601 ubi
469 2557 649 2618 copiose
667 2555 882 2618 ostendit,
900 2555 1015 2620 quid
1033 2557 1090 2602 sit
1102 2554 1234 2603 tradi

219 2632 419 2683 Satanae
448 2636 504 2682 in
545 2636 792 2682 interitum
825 2637 1008 2696 carnis,
1035 2654 1090 2684 ex
1107 2639 1228 2684 anti-

222 2733 316 2781 qua
355 2728 400 2764 et
432 2718 654 2782 continua
685 2715 899 2764 Ecclesia:
927 2717 1188 2766 traditione.

284 2797 348 2861 (2)
387 2796 487 2845 Cfr.
526 2796 698 2846 Euseb.
731 2796 894 2845 Amort
934 2814 1038 2846 can.
1074 2798 1220 2863 regul.

223 2878 304 2927 De
343 2881 536 2943 oriqino
553 2915 570 2941 ,
606 2896 864 2945 proqressu
898 2915 914 2943 ,
959 2878 1116 2927 valore
1163 2896 1221 2928 ac

210 2962 375 3026 fructu
389 2962 428 3010 Ι
425 2961 815 3027 ndalqentiarum
839 2999 853 3021 ,
872 2964 1085 3028 Angustae
1103 2962 1218 3011 Vin-

217 3044 310 3092 del.
347 3043 496 3110 1735,
525 3054 644 3109 part.
670 3062 686 3092 ι
707 3077 721 3103 ,
756 3042 969 3092 Dissere.
991 3043 1214 3093 Praelim.

216 3122 528 3190 Apoloqetica
547 3141 639 3190 pro
661 3121 986 3190 Indulqcntiis
1003 3163 1016 3186 ,
1053 3125 1080 3193 S
1099 3143 1146 3174 2.

288 3207 356 3270 (3)
394 3206 474 3254 Do
490 3207 671 3256 Poenit.
691 3207 782 3257 lib.
799 3222 818 3255 1
839 3244 852 3267 ,
869 3225 973 3273 cap.
1005 3207 1060 3257 15
1081 3219 1126 3257 et
1160 3206 1222 3257 16>

220 3285 313 3334 Cfr.
328 3288 551 3338 adnotatt.
574 3291 683 3339 edit.
700 3289 850 3339 Maur.
870 3293 917 3338 in
935 3291 1029 3358 haec
1051 3293 1216 3355 capita.

289 3369 354 3432 (A)
390 3369 536 3421 Serm.
567 3391 594 3420 x
633 3371 711 3419 De
740 3371 974 3436 quadraq.
1010 3389 1111 3436 cap.
1152 3368 1215 3434 43

219 3452 329 3498 item
350 3449 496 3501 Serm.
525 3470 572 3501 xi
592 3488 605 3516 ‚
629 3469 725 3518 cap.
751 3452 802 3516 4,
823 3465 868 3503 et
892 3454 1001 3503 alibi
1027 3456 1217 3520 passim,

220 3532 332 3580 edit.
351 3531 566 3581 Ballerin.

287 3614 356 3677 (5)
394 3613 509 3662 Can.
532 3630 662 3664 xxxx.
686 3614 820 3681 Apud
845 3611 1064 3668 Ha'rduin.
1090 3617 1216 3666 Acta

226 3694 410 3743 Concil.
438 3705 544 3744 tom.
578 3714 593 3744 1
615 3734 628 3758 ‚
653 3697 737 3746 col.
766 3696 884 3763 983.
916 3699 1213 3767 Celebratum

1378 2390 1439 2453 (6)
1459 2389 1683 2440 Celebrat.
1702 2405 1822 2441 anno
1840 2391 1953 2442 506.
1972 2411 2072 2443 can.
2092 2413 2168 2444 xv„
2187 2394 2330 2460 Apud·

1309 2473 1450 2521 Hard.
1485 2484 1596 2522 tom.
1627 2491 1685 2535 ιι,
1720 2475 1810 2524 col.
1838 2493 1959 2542 999.

1377 2552 1691 2617 (7)}Biblioth.
1709 2558 1926 2604 maxima
1945 2548 2172 2618 Petrum,
2192 2558 2317 2622 Lug-

1307 2635 1420 2682 dun.
1463 2633 1615 2702 1677,
1646 2646 1762 2685 tom.
1780 2642 1860 2685 xm
1884 2674 1897 2696 ,
1927 2654 2030 2704 pag.
2068 2637 2198 2706 699,
2237 2641 2318 2688 ubi

1305 2716 1411 2764 sub.
1444 2720 1516 2765 tit.
1566 2716 1694 2766 Ordo
1736 2719 1791 2765 in
1824 2726 1996 2783 quarta
2021 2719 2151 2785 seria
2192 2738 2315 2785 qua·

1302 2797 1582 2863 draqesimoe
1598 2835 1613 2859 ‚
1638 2817 1744 2863 quoe
1770 2802 1903 2848 estin
1928 2803 2085 2866 capito
2105 2803 2317 2868 jejuni-i,

1299 2879 1467 2942 legitur
1500 2897 1515 2928 ε
1549 2881 1616 2929 In
1647 2883 1830 2946 primis
1854 2899 2149 2947 praemonere
2178 2883 2314 2931 debet

1298 2961 1528 3010 Sacerdos
1563 2978 1722 3010 omnes
1753 2963 2113 3013 Christianos...
2146 2974 2314 3029 quate-

1297 3060 1391 3091 nus
1404 3046 1462 3091 in
1473 3046 1814 3111 capitejejunit'
1828 3046 1893 3092 ad
1900 3063 2059 3094 veram
2071 3047 2320 3110 confessio.

1296 3140 1405 3174 nem
1418 3129 2015 3192 veramquepoenitentiam
2029 3128 2312 3191 festinanti-

1294 3211 1393 3256 tius
1451 3209 1690 3257 accedant.
1757 3210 1987 3274 Denique
2028 3209 2318 3258 admonendi

1296 3299 1410 3338 sunt
1433 3297 1488 3337 ut
1538 3293 1595 3339 in
1633 3291 1780 3340 Coena
1811 3290 2018 3339 Domini
2035 3289 2235 3338 redeant
2250 3289 2316 3338 ad

1297 3373 1740 3424 reconciliationem.
1807 3372 2117 3421 Praescribitur
2140 3372 2316 3420 ibidem

1299 3455 1509 3504 discretio
1534 3457 1756 3505 servanda
1781 3456 1829 3502 in
1845 3456 2121 3519 poenitentiis
2148 3455 2316 3520 injun-

1299 3537 1461 3600 gendis
1478 3530 1496 3597 ,¹
1531 3547 1574 3585 et
1596 3536 1839 3585 methodus
1866 3535 2106 3585 exhibetur
2132 3534 2314 3583 confes-

1298 3620 1437 3666 sionis
1490 3618 1706 3668 faciendae
1749 3656 1762 3679 ,
1821 3630 1957 3684 atque
2017 3617 2318 3667 absolutionis

1297 3699 1512 3751 formula.
