2612 4146
451 250 577 291 car.
624 251 663 286 1.
716 252 780 286 m:
825 248 1094 288 vamum
1135 247 1376 286 SACRAM.
1420 245 1683 299 annena
1724 243 1889 281 παρτ.
2153 218 2231 279 57

118 393 307 476 aliqua
336 395 506 453 venia
530 391 737 472 dignus
758 390 943 450 videri
965 400 1190 472 potest,
1211 390 1258 448 si
1281 390 1510 448 incaute
1527 433 1543 462 ,
1562 388 1708 446 sicut
1731 385 1842 445 alia
1867 406 1988 443 non
2011 404 2195 466 pauca
2211 428 2239 458 ,,

117 489 329 571 quaein
351 493 471 566 ejus
493 508 738 569 operum
765 485 1017 545 editione
1037 506 1278 544 romana
1295 488 1462 563 jussu
1489 484 1546 542 S.
1573 482 1661 541 Pii
1692 483 1733 540 V
1756 489 2047 563 expuncta
2068 490 2228 552 sunt,

117 597 179 645 et
202 585 311 644 hoc
332 583 543 644 excidit
564 583 669 642 illi.
691 584 876 660 Hujus
906 580 1230 642 Cardinalis
1256 579 1673 639 commentaria
1699 578 1761 636 in
1788 578 2021 636 Sacram
2049 575 2235 656 Scrip-

118 689 314 737 turam
344 679 645 759 pertinent
669 677 742 735 ad
775 677 904 735 illos
935 675 1112 758 pedes
1138 673 1416 755 pavonios
1436 717 1452 747 .‚
1485 694 1629 753 quos
1657 673 1708 731 ei
1743 670 1983 754 quidam
2014 691 2234 752 expro-

119 773 338 833 barunt
368 773 476 854 (l).
516 776 694 832 Porro
729 792 1034 852 nunquam
1075 767 1372 827 dubitavit
1409 769 1716 844 Cajetanus
1759 767 1834 827 de
1876 766 2236 825 Sacramenti

121 869 411 927 Extremae
442 867 742 929 Unctionis
772 866 1035 926 veritate.

207 962 300 1022 13.
348 961 436 1022 Ad
474 962 594 1036 4¹1¹,
638 964 794 1022 Dist.
841 958 1119 1040 Loquitur
1163 956 1412 1016 Jacobus
1448 955 1522 1017 de
1555 955 1762 1017 eadem
1801 957 2077 1018 unctione
2105 979 2238 1017 ma·-

118 1058 306 1118 teriali
322 1103 338 1130 ,
364 1057 437 1117 de
457 1079 569 1140 qua
584 1059 809 1116 Marcus
825 1098 843 1129 ,
870 1075 1033 1112 conc.
1046 1077 1065 1119 ,-
1087 1051 1161 1112 de
1177 1052 1385 1112 eadem
1409 1050 1679 1125 formali,
1705 1072 1835 1131 neq.
1859 1052 2234 1134 Unaquaeque

123 1154 281 1213 enim
299 1153 632 1212 ministrum
647 1194 663 1224 ,
688 1148 1013 1227 subjectum
1027 1159 1088 1207 et
1106 1147 1343 1208 effectus
1357 1146 1563 1207 habuit
1584 1146 1760 1229 plane
1781 1145 2062 1207 diversos,
2083 1147 2234 1207 Cum

122 1260 322 1308 tamen
354 1246 581 1318 uncfin,
619 1243 694 1303 de
736 1265 851 1324 qua
889 1245 957 1302 fit
981 1244 1205 1302 mentio
1239 1242 1397 1325 apud
1426 1244 1483 1302 S.
1518 1245 1812 1316 Marcum,
1846 1242 2021 1300 fuerit
2053 1242 2236 1322 figura

125 1343 278 1402 illius
294 1386 310 1416 ,
330 1362 504 1423 quam
526 1350 815 1398 memorat
831 1339 890 1397 S.
911 1340 948 1397 J
951 1336 1161 1396 acobus
1179 1383 1196 1413 ,
1214 1337 1347 1397 ideo
1369 1360 1401 1396 a
1418 1338 1761 1397 Tridentino
1778 1335 1989 1396 dicitur
2009 1335 2119 1396 hoc
2132 1338 2236 1396 Sa-

123 1447 487 1497 cramentum
504 1434 662 1515 apud
677 1436 939 1494 Marcum
954 1433 1125 1492 fuisse
1140 1455 1172 1492 a
1189 1432 1420 1492 Christo
1438 1435 1690 1492 Domino
1712 1435 2104 1513 insinuatum
2118 1432 2231 1513 (2).

205 1531 298 1592 14.
343 1530 432 1591 Ad
454 1531 566 1607 5¹¹¹,
595 1532 752 1590 Dist.
781 1530 976 1589 Primo
997 1530 1264 1588 nominat
1276 1531 1311 1588 J
1315 1528 1528 1589 acobus
1552 1529 1787 1589 effectus
1803 1574 1819 1604 ,
1847 1529 1950 1610 qui
1969 1538 2237 1610 spectant

120 1627 192 1687 ad
217 1649 457 1709 corpm,
492 1637 696 1708 utpote
718 1625 899 1705 magis
926 1636 1097 1684 notos
1117 1669 1134 1698 ,
1162 1635 1223 1684 et
1252 1626 1387 1706 quia
1413 1623 1474 1683 id
1507 1622 1939 1706 quodammodo
1961 1622 2236 1706 poscebat

120 1722 394 1782 orationis
420 1722 594 1781 series
612 1766 628 1795 ,
654 1741 840 1789 conc.,·
862 1731 927 1779 ut
950 1720 1208 1780 insinuet
1227 1766 1243 1795 ,
1269 1721 1524 1803 corporis
1551 1721 1863 1779 sanitatem
1888 1719 2234 1802 primarium

119 1841 241 1879 esse
278 1819 450 1897 hujus
475 1818 835 1878 Sacramenti
871 1817 1178 1891 effectum,
1217 1839 1347 1898 neq.
1392 1817 1861 1900 Insolensporro
1891 1838 2014 1876 non
2047 1827 2139 1875 est
2168 1816 2231 1875 in

119 1914 427 1995 Scripturis
486 1925 784 1995 postremo
833 1912 960 1972 loco
1021 1912 1366 1995 primarium
1423 1913 1695 1974 effectum
1757 1912 2045 1971 recenseri
2071 1937 2088 1985 ς
2154 1912 2235 1971 sic

119 2007 329 2068 Matth.
374 2009 505 2066 XIX
525 2054 541 2082 ,
581 2008 660 2067 29
685 2053 700 2080 ,
735 2006 948 2088 legitur
979 2031 992 2066 z
1034 2009 1394 2086 Centuplum
1431 2012 1687 2087 accipiet
1708 2053 1725 2083 .,
1767 2019 1822 2066 et
1849 2012 2036 2071 vitam
2063 2018 2234 2065 oeter-

120 2124 267 2161 ream
282 2105 627 2182 possidebit.
665 2102 801 2161 Ideo
829 2115 1023 2162 autem
1055 2124 1087 2161 a
1109 2102 1326 2162 Jacoho
1355 2104 1547 2184 primo
1569 2103 1692 2162 loco
1715 2103 1954 2184 ponitur
1979 2103 2233 2184 corporis

119 2199 368 2272 sanita3.,
413 2210 539 2256 tum
582 2199 717 2279 quia
759 2199 996 2258 effectus
1031 2194 1316 2276 ejusmodi
1356 2201 1550 2258 notior
1581 2211 1705 2273 est,
1749 2210 1955 2280 utpote
1987 2199 2089 2279 qui
2123 2198 2231 2256 sub

119 2315 319 2353 sensus
357 2293 524 2354 cadat
546 2340 562 2370 .,
595 2306 723 2353 tum
759 2296 892 2377 quia
930 2294 1207 2353 orationis
1244 2295 1417 2354 series
1457 2294 1752 2377 postulare
1791 2294 2131 2369 videbatur,
2167 2305 2234 2352 ut

121 2401 252 2467 post
298 2403 813 2450 commemoratam
854 2390 1256 2453 infirmitatem
1284 2392 1540 2472 corporis
1571 2391 1849 2449 continuo
1885 2389 2234 2450 describere-

121 2493 216 2541 tur
237 2485 495 2561 ejusdem
524 2487 748 2544 sanatio
779 2485 887 2565 (3).

125 2608 127 2610 r
205 2579 303 2635 15.
352 2577 437 2636 Ad
479 2579 596 2651 6¹1²
642 2579 754 2638 Vel
793 2583 935 2659 Ney.
980 2581 1165 2654 Quia
1211 2592 1278 2638 ut
1317 2579 1614 2690 productis
1652 2518 1934 2661 exemplis
1974 2579 2230 2639 ostendit

120 2672 306 2729 Estius
345 2672 523 2753 (4),
507 2695 567 2731 1n
601 2674 909 2754 Scripturis
948 2674 1227 2755 particula
1273 2678 1328 2733 si
1362 2697 1516 2757 saepe
1550 2697 1672 2733 non
1713 2686 1838 2733 tam
1877 2675 1962 2735 rei
1998 2675 2231 2736 incertae

117 2764 510 2827 conditionem
533 2814 549 2843 ,
582 2790 758 2850 quam
786 2770 869 2829 rei
899 2782 1070 2829 certae
1098 2772 1599 2846 confirmationem
1624 2772 1908 2852 significat
1927 2817 1943 2847 ,
1978 2782 2046 2830 ut
2075 2771 2233 2854 apud

117 2861 311 2944 ipsum
328 2865 363 2922 J
368 2862 611 2922 acobum
626 2909 642 2939 ‚
669 2867 723 2940 1,
752 2863 822 2922 5:
848 2866 1077 2944 Siquis
1099 2877 1361 2926 vestrum
1381 2869 1615 2948 indiget
1635 2872 1965 2948 sapientia,
1979 2869 2236 2947 postulet

186 3065 256 3129 (l)
291 3066 392 3117 Cfr.
427 3066 567 3118 Card.
594 3066 896 3128 pallavicini,
934 3067 1121 3117 latoria
1209 3086 1268 3117 ac
1286 3068 1418 3133 loqui
1441 3086 1542 3118 non
1556 3070 1615 3119 de
1628 3070 1815 3137 plumis
1838 3072 1922 3121 ced
1944 3072 2003 3121 de
2022 3071 2233 3138 pedibus

118 3144 195 3192 del
227 3146 444 3197 Concilio
474 3149 529 3197 di
555 3149 734 3197 Tremo
753 3187 767 3210 ‚
803 3150 886 3198 ubi
916 3150 1005 3198 lib.
1037 3166 1086 3199 vt
1104 3187 1118 3211 ‚
1203 3150 1525 3217 pulcherrimi
1546 3155 1776 3219 pavonis.

118 3244 221 3291 cap.
260 3244 314 3294 ¹7
335 3263 350 3289 ,
385 3229 412 3295 §
444 3246 473 3278 2
506 3248 521 3279 ε
572 3230 766 3298 Quanto
804 3233 1086 3297 appartiene
1105 3270 1119 3292 ‚
1282 3233 1347 3296 (2)
1379 3233 1499 3283 Sese.
1519 3234 1710 3294 xlv‚De
1724 3235 1871 3284 Extr.
1895 3234 2043 3284 Unel.
2062 3253 2162 3299 cap.
2187 3252 2230 3285 1.

118 3311 299 3374 inquit,
322 3309 371 3357 al
389 3309 603 3361 Gaetano
623 3350 636 3372 ‚
666 3312 704 3358 il
721 3311 897 3378 parlar
917 3313 987 3361 de’
1013 3316 1125 3363 suoi
1282 3314 1346 3377 (3)
1381 3314 1481 3364 Cfr.
1531 3314 1752 3365 Bellarm.
1810 3316 1893 3364 lib.
1947 3315 2028 3363 De
2081 3308 2231 3366 Extr-

126 3390 396 3438 Commenti
426 3410 565 3458 sopra
609 3394 659 3443 la
700 3391 946 3448 Scrittura
987 3397 1012 3443 ὲ
1051 3413 1122 3444 un
1221 3395 1367 3445 Unct.
1403 3414 1502 3462 cap.
1545 3395 1605 3445 16
1627 3434 1641 3456 ,
1675 3400 1756 3464 qui
1786 3398 2060 3458 contendit,
2092 3400 2231 3448 verba

109 3471 306 3537 parlare
319 3510 339 3529 ⁷,
363 3490 461 3521 non
477 3475 590 3524 delle
599 3494 760 3542 penne
777 3516 791 3537 ‚
807 3495 885 3526 ma
902 3478 1122 3544 de’piedi
1210 3478 1414 3527 salvabit
1430 3488 1475 3527 et
1497 3478 1746 3527 alleviabit
1768 3485 1974 3542 spectare
2001 3484 2230 3546 praecipuc

115 3553 172 3601 di
190 3571 258 3602 un
285 3554 538 3604 bellissimo
553 3574 731 3622 paone.
758 3560 814 3608 Id
843 3570 939 3621 est,
980 3560 1123 3626 Quod
1211 3561 1269 3609 ad
1294 3565 1520 3610 animam.

118 3635 406 3701 Cajetanwm
428 3636 636 3695 adtinet,
658 3638 789 3704 loqui
808 3641 864 3688 de
887 3658 1123 3689 commen-
1283 3644 1349 3708 (Ιι)
1388 3644 1441 3690 ln
1477 3642 1742 3693 Commeat.
1781 3645 1830 3691 in
1852 3644 1980 3692 hunc
2007 3644 2101 3693 loc.

78 3729 82 3733 ·
116 3719 253 3766 tariis
270 3721 373 3784 ejvs
389 3719 444 3767 in
459 3716 515 3770 S.
537 3719 839 3787 Scripturam
857 3759 870 3782 ‚
903 3722 1032 3770 idem
1058 3731 1126 3771 est
