2508 4120
266 139 381 201 160

956 156 1273 200 TRACTATUS
1317 159 1385 198 m:
1429 160 1652 201 Onnum.

263 302 622 365 matrimonii
650 321 827 360 onera
854 301 1005 360 ferre
1027 347 1041 375 ,
1073 299 1284 382 quibus
1308 299 1612 362 absterrita
1639 304 1844 384 ingens
1871 303 2178 367 hominum
2214 307 2386 366 turba

266 425 300 461 a
339 397 712 460 matrimonio
750 396 1152 455 contrahendo
1191 396 1345 455 ultro
1386 419 1447 456 se
1486 397 1750 459 retrahit.
1793 403 1969 460 Porro
2014 402 2062 460 si
2110 404 2385 484 Apostolo

265 509 437 569 teste,
479 496 528 552 ΙΙ
554 491 630 550 ad
655 491 913 550 Timoth.
958 493 1041 563 ΙΙ,
1075 492 1113 550 4
1152 515 1164 551 :
1203 493 1397 551 Nemo
1440 495 1719 553 militans
1754 497 1872 555 Deo
1907 498 2187 576 implicat
2208 520 2265 556 se
2290 519 2392 558 ne-

258 594 437 672 yotiis
465 588 843 647 secularzhus
866 632 881 661 7
924 599 987 645 ut
1018 609 1232 669 nempe
1274 589 1455 667 magis
1476 587 1797 670 'expeditus
1830 590 2005 650 sit'in
2047 592 2393 652 officiis'suis

266 683 654 767 exequendiS‚
703 695 877 743 nemo
927 695 1013 743 est
1050 684 1307 766 quinon
1361 684 1592 761 videat,
1637 684 1710 745 ab
1749 684 1838 744 his
1877 687 2150 746 omnibus
2194 689 2396 748 oneri-

264 780 375 841 bus
397 780 650 840 liberum
673 801 796 839 esse
826 779 1087 839 caelibem
1113 779 1379 839 Ecclesiae
1409 780 1745 840 ministrum
1768 826 1783 856 7
1821 784 1922 863 qui
1944 796 2253 865 propterea
2276 805 2398 842 non

267 877 445 939 debet
477 875 965 957 negotiationibus
1001 897 1207 937 vacare
1243 889 1303 937 et
1338 876 1686 958 quaestibuS‚
1726 876 1879 936 bona
1913 879 2296 940 ecclesiastica
2334 881 2396 938 in

265 976 629 1058 propinquos
647 973 926 1055 dissipare
950 1017 964 1047 ‚
998 994 1063 1032 ac
1089 972 1402 1052 dignitates
1417 973 1826 1055 ecclesiasticas
1844 976 2195 1035 constituere
2210 976 2401 1035 haere—

212 1154 215 1157 *
271 1071 511 1130 ditarias
549 1092 672 1129 non
702 1069 827 1128 sine
861 1069 1086 1147 ingenti
1122 1068 1381 1129 Ecclesiae
1410 1069 1769 1130 detrimento
1805 1071 1918 1150 (l).
1958 1071 2061 1130 Illa
2101 1092 2240 1130 vero
2268 1075 2398 1153 quae

269 1166 524 1251 possidet
549 1166 766 1249 poterit
788 1166 850 1223 in
875 1185 1163 1246 pauperes
1195 1185 1430 1244 erogare
1447 1211 1461 1239 ,
1494 1164 1589 1226 lue
1616 1165 1805 1227 aliove
1828 1168 2160 1247 contagioso
2188 1165 2396 1225 morbo

267 1265 603 1325 laborantes
627 1263 882 1323 invisere
905 1308 920 1338 ,
961 1261 1308 1342 dignitatern
1336 1262 1584 1343 digniori
1607 1263 1907 1323 dimittere
1929 1310 1946 1339 .,
1973 1264 2200 1346 aliaque
2230 1284 2402 1346 praes-

268 1373 429 1437 tare,
473 1381 600 1443 quae
643 1359 1021 1418 matrimonio
1062 1361 1302 1436 junctus
1350 1359 1449 1419 vix
1493 1379 1558 1417 ac
1592 1381 1668 1419 ne
1711 1360 1811 1419 vix
1850 1360 2090 1442 quidem
2126 1371 2403 1442 praestare

269 1469 481 1541 potest.
521 1455 675 1530 Quid
713 1456 760 1515 si
795 1455 1061 1538 paroeciae
1096 1465 1370 1536 praeesset
1412 1456 1475 1512 in
1518 1455 1657 1514 vicis
1699 1467 1799 1514 aut
1835 1456 1996 1537 pagis
2035 1457 2401 1530 constitutae‚

271 1576 398 1638 quae
431 1555 531 1615 vix
568 1552 829 1636 praebeat
854 1553 1033 1613 victui
1064 1551 1302 1633 parochi
1333 1552 1695 1612 necessaria?
1730 1554 1885 1625 Quid
1917 1555 1966 1611 si
1994 1552 2172 1613 vellet
2203 1554 2278 1613 ad
2302 1552 2406 1612 sil-

273 1663 499 1712 vestres
527 1671 592 1709 ac
620 1649 897 1708 barbaras
922 1660 1123 1728 gentes
1148 1647 1477 1707 christianae
1498 1647 1634 1708 fidei
1657 1648 1847 1709 lucem
1871 1650 2077 1710 afferre
2102 1652 2238 1730 (2)?

359 1747 495 1806 174.
529 1748 583 1806 H
587 1766 663 1806 aec
695 1746 894 1826 itaque
912 1745 961 1803 si
976 1755 1170 1803 tecum
1194 1744 1316 1825 ipse
1344 1755 1580 1825 reputes
1604 1790 1619 1819 ,
1652 1756 1711 1804 et
1735 1747 2102 1805 sanctitatem
2127 1746 2403 1805 clericalis

188 1895 192 1901 .
273 1854 459 1902 status
484 1847 722 1922 ejusque
749 1862 1066 1899 munerum
1107 1841 1507 1919 praestantiam
1537 1841 1833 1922 expendas
1855 1888 1869 1917 a
1906 1863 1970 1901 ac
1993 1841 2248 1924 denique
2281 1864 2405 1922 gra-

273 1939 510 2001 vissima
534 1935 905 1996 incommoda
939 1947 999 1994 et
1023 1934 1394 1994 difficultates
1417 1980 1433 2009 ‚
1461 1957 1603 2017 quas
1630 1937 1723 1996 lex
1749 1939 2122 1998 continentiae
2156 1938 2365 1997 adimit
2386 1985 2401 2014 7

275 2034 439 2093 nullo
474 2034 705 2114 negotio
740 2030 1147 2114 deprehendes
1170 2076 1185 2106 .,
1227 2052 1406 2112 quam
1434 2036 1620 2110 justas
1659 2032 1734 2092 ob
1771 2055 1967 2094 causas
2002 2033 2207 2095 eadem
2238 2035 2407 2095 casti-

274 2131 490 2191 moniae
519 2130 613 2190 lex
643 2130 816 2188 sacris
854 2127 1137 2186 ministris
1173 2127 1530 2209 imponatur.

347 2352 414 2418 (l)
446 2351 495 2401 Si
525 2354 677 2402 clerici
706 2370 801 2401 non
833 2362 1094 2402 tenerentur
1122 2351 1181 2401 ad
1207 2367 1298 2400 cae-
1385 2354 1480 2400 rius
1521 2368 1585 2401 vn
1606 2389 1620 2412 ‚
1662 2355 1794 2418 cujus
1824 2353 2000 2402 famam
2026 2354 2134 2403 licet
2165 2357 2290 2419 prius
2327 2356 2401 2404 di-

276 2435 476 2483 libatum
498 2473 510 2494 ‚
542 2437 891 2483 instituerentur
929 2442 1072 2482 castae
1093 2470 1106 2494 ‚
1142 2444 1195 2482 ut
1225 2450 1301 2482 vo·

279 2528 386 2567 cant
405 2555 418 2578 ,
439 2518 769 2579 sacerdotales;
791 2518 1092 2582 Episcopatus
1118 2517 1302 2582 aliaque

277 2601 508 2650 beneficia
555 2601 862 2650 ecclesiastica
905 2617 960 2649 ex
996 2599 1208 2665 patribus
1251 2601 1302 2646 in

278 2683 401 2731 filios
446 2686 774 2748 pervenirent,
810 2685 904 2731 sive
946 2680 997 2730 hi
1026 2692 1304 2730 vocarentur

280 2762 342 2813 ad
379 2766 638 2812 ineundum
657 2775 826 2813 statum
857 2764 1187 2812 sacerdotalem
1210 2766 1303 2812 sive

283 2865 399 2896 non.
435 2846 669 2911 Principes
692 2883 705 2905 ‚
741 2848 983 2910 optimates
1019 2846 1151 2893 facile
1180 2848 1302 2892 inva-

284 2929 447 2979 derent
469 2928 792 2977 Pontificatum
818 2965 831 2986 ‚
864 2929 1038 2991 ingenti
1059 2964 1072 2986 ,
1093 2937 1144 2974 ut
1159 2937 1301 2991 patet,

284 3016 580 3066 ecclesiastici
614 3023 756 3061 status
779 3013 976 3077 jactura.
995 3010 1118 3059 Vitia
1135 3020 1177 3058 et
1194 3010 1304 3058 abu-

283 3116 360 3147 sus
409 3100 568 3150 omnia
619 3095 939 3161 pervaderent.
986 3093 1075 3158 Qui
1113 3093 1305 3159 quidem

284 3182 462 3231 abusus
493 3199 548 3231 ex
567 3196 734 3244 magna
763 3170 888 3243 parte
913 3213 926 3236 ,
944 3177 1098 3225 medio
1122 3193 1306 3242 praescr<

285 3267 372 3312 tim
407 3283 541 3325 aevo,
587 3263 775 3329 gliscere
818 3271 1090 3325 coeperunt3
1133 3260 1306 3309 exinde

285 3346 365 3394 illa
401 3347 647 3407 scandala,
690 3361 795 3412 quae
823 3350 1062 3408 tantopere
1092 3343 1307 3408 magnifi-

286 3438 395 3476 cant
412 3429 715 3480 Protestantes
731 3437 776 3477 et
792 3425 1039 3487 increduli,
1066 3434 1163 3473 orta
1178 3435 1305 3472 sunt.

287 3508 490 3560 Ulterius
525 3516 576 3561 in
605 3511 703 3560 dies
734 3508 964 3577 ejusmodi
997 3506 1167 3556 abusus
1198 3524 1305 3572 pro-

290 3593 428 3656 gressi
454 3603 606 3642 essent
628 3630 641 3654 ‚
671 3595 759 3641 nisi
789 3595 854 3641 eis
881 3592 1055 3641 fortiter
1075 3588 1309 3640 restitisset

1384 2434 1682 2484 laceraverint
1702 2435 2028 2500 Protestantes,
2057 2455 2185 2486 nunc
2212 2439 2403 2486 demum

1388 2518 1648 2582 apologiam
1689 2529 2025 2568 contexuerunt
2062 2558 2075 2580 ‚
2128 2523 2249 2569 inter
2287 2537 2402 2587 quos

1387 2602 1594 2648 eminent
1612 2599 1781 2649 Miiller
1810 2612 1856 2650 et
1880 2601 2034 2667 Voigt‚
2061 2602 2161 2651 Cfr.
2184 2600 2403 2650 Annales

1387 2683 1442 2730 de
1461 2681 1767 2749 Philosophia
1793 2684 2063 2733 chretienne
2083 2721 2099 2744 ,
2135 2687 2404 2751 cinquieme

1386 2766 1563 2827 annde,
1607 2777 1725 2815 tom.
1766 2785 1826 2825 x,
1870 2767 1995 2815 Paris
2036 2765 2197 2826 1835,
2229 2769 2280 2814 in
2314 2777 2400 2814 art.

1386 2846 1618 2895 Examen
1645 2848 1702 2894 de
1737 2847 1968 2896 l'histoire
1998 2848 2055 2895 de
2091 2849 2286 2896 France
2304 2866 2402 2914 par

1388 2929 1469 2978 M.
1491 2928 1720 2977 Michelet
1742 2964 1758 2988 ,
1787 2939 1874 2977 art.
1897 2929 1947 2989 3,
1979 2929 2049 2978 Le
2076 2927 2363 2995 Moye-n-dqe
2386 2966 2398 2990 ,

1388 3028 1493 3077 pag.
1528 3007 1627 3059 286
1661 3020 1705 3057 et
1739 3028 1869 3075 seqq.

1456 3095 1522 3158 (2)
1564 3094 1624 3142 Ut
1677 3094 1839 3142 melius
1889 3094 2178 3159 intelligatur
2228 3095 2404 3144 utilitas

1390 3178 1622 3227 caelibatus
1652 3186 1858 3241 respectu
1890 3178 2279 3226 missionariorum
2299 3215 2313 3237 ‚
2331 3197 2405 3227 sa·-

1390 3263 1445 3308 tis
1494 3270 1561 3307 est
1602 3260 1755 3307 oculos
1796 3261 2022 3325 conjicere
2063 3263 2111 3308 in
2163 3263 2400 3310 missiones

1392 3342 1733 3391 Catholicorum
1749 3352 1793 3391 et
1809 3341 2184 3402 Protestantium,
2206 3354 2257 3391 ut
2273 3345 2402 3408 quis·-

1393 3443 1483 3491 que
1516 3426 1770 3491 intelligat,
1797 3444 1938 3491 quam
1957 3428 2122 3491 impari
2159 3427 2284 3474 exitu
2309 3422 2401 3470 illae

1392 3510 1720 3573 suscipiantur.
1749 3507 1841 3556 Sed
1876 3509 1959 3556 cfr.
2000 3525 2100 3575 quae
2131 3507 2190 3556 de
2210 3506 2300 3553 hoc
2327 3520 2402 3551 ar-

1394 3597 1616 3654 gumento
1648 3591 1943 3655 scripsimus,
1965 3600 2079 3640 tom.
2099 3605 2117 3636 1
2135 3624 2150 3648 ‚
2185 3584 2266 3634 De
2289 3600 2401 3633 vera

290 3691 395 3724 vere
436 3675 710 3727 immortalis
753 3675 963 3726 Pontifex
1018 3673 1070 3724 S.
1128 3671 1304 3739 Grego-
1387 3672 1616 3740 reliqione
1636 3711 1650 3737 ‚
1677 3683 1792 3738 part.
1823 3686 1879 3723 11.
