2508 4120
546 177 667 212 CAP.
717 177 777 210 11.
826 177 892 210 ΒΕ
934 176 1275 212 MATMMONII
1317 174 1788 212 memmi-armus:
2103 154 2219 212 253

126 318 422 376 Dominus
455 337 466 371 z
517 320 570 372 si
598 320 734 393 quis
753 319 981 393 frater,
1019 327 1125 375 etc.
1166 317 1239 374 de
1276 316 1511 375 consilio
1552 338 1672 374 non
1714 315 2046 375 dimittendi
2075 337 2218 374 con-

117 414 312 487 jugem
345 408 638 467 infidelem
666 410 841 468 etiam
868 408 1058 490 quoad
1086 397 1322 468 thorum
1352 421 1410 469 et
1430 409 1847 469 habitationem
1868 455 1884 484 ,
1918 431 2050 469 cum
2078 431 2218 469 con-

117 507 218 580 jux
258 503 500 562 infidelis
529 506 815 562 consentit
842 504 1076 585 pacifice
1100 504 1298 561 vivere
1331 524 1462 562 cum
1502 508 1740 582 conjuge
1779 503 1969 578 fideli,
2014 503 2088 563 ob
2126 505 2221 562 in-

124 597 423 655 commoda
448 643 464 671 .,
494 618 620 678 quae
657 619 726 655 ex
756 598 850 655 illa
895 598 1252 678 separatione
1299 597 1636 669 orirentur3
1692 597 2010 656 Pollentius
2062 599 2220 657 enim

120 693 514 752 contendebat
534 739 549 765 7
582 694 642 751 in
681 694 866 751 citatis
903 690 1157 774 Apostoli
1183 691 1372 750 verbis
1402 692 1687 751 contineri
1721 705 2082 773 praeceptum
2108 695 2219 773 (l).
2269 707 2272 712 '

202 788 297 844 96.
323 790 390 844 In
404 788 576 845 tertio
592 787 827 846 demum
842 798 1007 858 textu
1019 786 1469 866 propositionem
1486 785 1645 844 illam
1659 787 1985 865 generalem
2005 810 2017 844 :
2041 789 2222 866 Prop—

125 892 210 938 ter
226 883 515 958 quodlibet
528 885 1162 960 form‘catiomsyenm,
1178 891 1288 938 etc.
1313 882 1531 961 profert
1550 882 1606 939 S.
1635 884 1844 939 Doctor
1867 882 2222 942 cohaerenter

124 973 198 1030 ad
216 974 467 1054 Apostoli
489 975 812 1050 consilium,
839 975 910 1033 de
933 996 1046 1054 quo
1066 995 1257 1054 supra.
1285 974 1453 1047 Quod
1469 996 1605 1034 vero
1636 986 1855 1055 spectat
1878 975 1952 1034 ad
1980 976 2223 1036 alteram

126 1077 315 1125 textus
350 1069 858 1150 Paulini'partem:
886 1069 1056 1147 Quod
1078 1073 1135 1126 si
1160 1071 1415 1147 infidelis
1450 1071 1731 1141 discedit,
1763 1071 2058 1140 discedat,
2095 1093 2222 1130 eam

124 1184 244 1219 non
270 1163 500 1241 attingit
520 1208 535 1234 .‚
564 1183 670 1220 nec
706 1161 949 1220 verbum
978 1162 1049 1221 de
1070 1184 1135 1220 ea
1162 1162 1353 1222 habet.
1391 1165 1533 1222 Cum
1562 1165 1733 1243 igitur
1763 1166 1999 1246 quaestio
2024 1166 2082 1223 S.
2105 1167 2225 1225 Au·-

124 1257 334 1334 gustini
358 1279 491 1315 cum
515 1257 797 1315 Pollentio
827 1258 1255 1338 circumscripta
1285 1258 1457 1317 fuerit
1482 1258 1555 1317 ad
1586 1260 1848 1338 conjugia
1871 1259 2224 1318 Christiano-

122 1374 251 1409 rum
275 1398 289 1425 ,
330 1352 424 1411 vel
462 1352 784 1411 infidelium
815 1374 1064 1433 quorum
1099 1352 1246 1412 alter
1285 1355 1646 1413 convertitur
1677 1365 1734 1413 et
1762 1354 1910 1413 alter
1938 1356 2223 1414 consentit

120 1445 379 1504 habitare
417 1467 548 1504 cum
588 1445 688 1503 illo
710 1489 725 1518 ,
762 1448 1186 1527 propositiones
1227 1452 1348 1525 ejus
1377 1448 1671 1527 generales
1701 1449 2058 1509 coarctandae
2086 1461 2223 1509 sunt

122 1540 194 1599 ad
218 1540 568 1600 substratam
597 1544 893 1601 materiam
919 1568 935 1615 ς
979 1543 1235 1623 alioquin
1276 1556 1614 1625 sequeretur
1634 1589 1650 1618 ,
1691 1565 1798 1603 nec
1826 1545 2021 1604 dirimi
2055 1567 2222 1626 posse

114 1640 282 1712 juxta
327 1637 710 1714 Augustinum
758 1638 1014 1717 conjugia
1075 1650 1198 1696 rata
1247 1638 1704 1697 Christianorum
1749 1661 1853 1720 per
1901 1641 2223 1700 solemnem

123 1730 533 1811 professionem
557 1777 571 1801 „
598 1731 856 1813 adeoque
885 1754 1003 1790 non
1030 1754 1196 1814 posse
1231 1755 1388 1808 eum,
1421 1735 1602 1815 quiin
1620 1734 1808 1793 seculo
1838 1734 2067 1794 relictus
2096 1745 2183 1794 est
2204 1781 2219 1810 .,

127 1845 306 1882 novas
337 1825 679 1884 contrahere
715 1826 946 1907 nuptias
967 1872 983 1900 a
1008 1827 1165 1907 quod
1191 1827 1528 1888 adversatur
1566 1828 1832 1887 Ecclesiae
1859 1829 2150 1889 doctrinae.

211 1918 305 1977 97.
325 1921 491 1977 Nunc
515 1919 796 1978 coronidis
819 1922 995 1999 gratia
1019 1921 1315 1980 addimus:
1354 1924 1415 1980 1ο
1432 1922 1523 1982 vel
1548 1924 1739 2004 ipsum
1759 1925 1817 1981 S.
1840 1926 2222 2003 Augustinum

126 2013 450 2071 doctrinam
474 2036 633 2072 suam
663 2015 842 2074 veluti
868 2017 1106 2074 omnino
1139 2027 1357 2075 certam
1389 2018 1631 2075 minime
1654 2020 2019 2099 proposuisse
2038 2062 2061 2091 ,
2090 2041 2223 2079 cum

125 2106 230 2164 sub
268 2108 442 2166 finem
477 2108 610 2166 libri
643 2110 664 2167 Ι
699 2108 912 2167 scribat
955 2132 968 2166 t
1009 2112 1399 2189 Quaestione-m
1442 2123 1639 2170 tamen
1678 2115 1747 2170 de
1784 2118 2078 2192 coryfuqiz‘s
2118 2116 2222 2172 ob-

123 2205 535 2261 scurissimam
570 2225 683 2261 esse
710 2226 830 2262 non
861 2210 1069 2262 neseio,
1115 2206 1257 2264 Non
1288 2207 1473 2264 audeo
1490 2207 2015 2284 profiteri,‘omnes
2051 2212 2223 2268 sinus

128 2300 252 2374 ejus
289 2299 375 2354 vel
409 2302 476 2355 in
508 2299 610 2355 hoo
645 2319 811 2377 opere
857 2304 948 2356 vel
969 2303 1037 2357 in
1065 2301 1184 2358 alio
1228 2322 1318 2359 me
1360 2302 1555 2359 adhuc
1589 2303 1907 2379 emplioasse
1921 2345 1943 2374 ,
1978 2305 2065 2361 vel
2077 2309 2223 2381 jam

117 2411 311 2468 posse,
333 2395 386 2448 si
412 2413 652 2470 uryear,
672 2395 962 2470 emplioare
988 2394 1098 2474 (2).
1126 2396 1195 2452 Et
1222 2416 1358 2453 sane
1390 2395 1671 2453 nonnulla
1698 2396 1871 2455 habet
1894 2440 1912 2470 ,
1938 2418 2068 2477 quae
2091 2419 2218 2456 cum

128 2482 388 2542 doctrina
416 2506 573 2542 nunc
598 2485 670 2542 ab
696 2485 940 2544 Ecclesia
977 2487 1259 2548 catholica
1286 2499 1516 2568 recepta
1542 2511 1663 2547 non
1691 2490 1863 2570 plane
1899 2491 2218 2567 cohaerent,

131 2600 218 2636 ex.
241 2600 322 2657 gr.
341 2579 483 2636 dum
495 2578 659 2638 docet
681 2578 919 2652 ibidem,
937 2602 1057 2638 non
1067 2582 1238 2640 aliam
1252 2582 1324 2639 ob
1343 2603 1571 2641 causam
1591 2605 1765 2664 quam
1783 2584 1857 2643 ob
1872 2584 2221 2645 adulterium

128 2673 360 2732 admitti
383 2695 550 2755 posse
580 2676 1003 2755 separationem
1033 2677 1225 2756 quoad
1255 2677 1490 2735 thorum
1513 2723 1529 2752 7
1564 2700 1696 2737 cum
1722 2679 1965 2739 Ecclesia
2000 2692 2223 2740 contra-

130 2769 279 2826 rium
306 2769 572 2827 statuerit
592 2770 654 2826 in
682 2770 855 2828 Conc.
882 2769 1251 2845 TridentinQ
1278 2793 1317 2829 a
1355 2794 1469 2853 quo
1497 2772 1618 2832 aliae
1647 2773 1842 2854 plures
1870 2796 2221 2856 percensen-

133 2875 256 2938 tur7
301 2876 367 2922 ut
406 2886 472 2923 ex
523 2865 757 2924 inferius
806 2864 1063 2925 dicendis
1116 2866 1435 2941 constabit3
1483 2869 1550 2926 20
1592 2870 1783 2951 ipsum
1831 2874 1888 2929 S.
1917 2874 2221 2932 Doctorem

134 2978 433 3036 agnoscere
457 2964 731 3037 majorem
766 2960 1102 3020 firmitatem
1125 2962 1185 3020 in
1229 2963 1502 3042 conjugiis
1542 2963 1999 3025 Christianorum
2046 2988 2220 3048 quam

205 3201 274 3264 (l)
305 3200 522 3250 Binterim
541 3203 629 3251 hac
647 3204 704 3251 de
731 3220 862 3251 causa
883 3239 897 3262 ,
927 3221 1021 3252 non
1051 3223 1125 3253 so·
1209 3209 1287 3256 cit.
1321 3204 1414 3271 §2

136 3283 232 3328 lum
249 3283 364 3329 inter
382 3281 534 3331 Patres
553 3320 565 3341 ‚
585 3301 699 3350 quos
717 3301 797 3349 pro
815 3301 895 3331 sua
909 3287 1127 3333 sententia
1275 3288 1344 3351 (2)
1384 3289 1499 3354 Cap.
1529 3289 1591 3339 25
1607 3328 1619 3348 ,
1654 3307 1700 3336 n.
1727 3291 1810 3338 32.
1847 3288 2045 3337 Tantum
2074 3291 2216 3350 abest,

137 3362 346 3421 adducit,
375 3380 467 3410 non
497 3376 696 3413 recenset
721 3363 769 3413 S.
792 3364 1126 3431 Augustinum,
1212 3377 1266 3418 ut
1293 3368 1345 3419 S.
1391 3371 1670 3436 Augustinus
1710 3371 1899 3419 voluerit
1949 3389 1994 3420 se
2034 3373 2220 3423 fidelem

138 3444 215 3490 sed
242 3454 450 3507 praeterea
475 3456 622 3508 aperte
652 3446 916 3510 profitetur,
952 3464 998 3494 se
1026 3464 1132 3496 cum
1215 3453 1474 3500 traditionis
1509 3455 1796 3515 interpretem
1833 3451 2060 3513 exhibere,
2101 3471 2221 3519 prae-

138 3524 287 3572 debita
313 3529 565 3574 reverentia
594 3527 652 3574 ab
682 3527 768 3574 hac
803 3530 1040 3591 Augustini
1060 3531 1135 3576 in·
1218 3535 1371 3581 sertim
1401 3537 1450 3581 in
1480 3532 1764 3598 quaestione,
1794 3532 1850 3581 de
1871 3551 1961 3599 qna
1979 3537 2183 3600 agimus!

138 3611 451 3671 ter-pretatione
483 3610 711 3659 recedere.
747 3609 846 3658 Gir.
871 3627 944 3675 op.
973 3622 1016 3659 et
1045 3612 1135 3660 loc.
