2508 4120
418 161 538 201 GAP.
587 145 669 200 i11.
715 165 781 200 DE
823 164 1213 201 lMPEmMENTlS
1256 163 1632 216 MA'rmmonu,
1678 166 1796 202 ΕΤΕ-

2026 144 2141 203 343

66 301 362 378 conflictu,
395 304 492 383 qui
528 303 662 362 inde
689 303 934 363 oriretur
961 304 1114 363 inter
1144 303 1284 362 duas
1306 314 1636 385 potestates,
1669 306 1816 364 Nam
1853 305 2140 386 imprimis

63 398 417 469 inficiamur,
446 398 748 458 Ecclesiam
775 409 1058 480 potestate
1092 419 1191 458 sua
1208 398 1367 458 abuti
1400 421 1566 481 posse
1584 446 1600 474 ,
1630 412 1697 460 ut
1736 399 1976 481 objectio
1999 423 2140 483 sup·

61 493 254 574 ponit3
285 492 493 552 deinde
527 493 800 563 dicimuS,
833 514 903 552 ex
940 494 1061 574 ipsa
1098 493 1183 553 rei
1216 504 1419 553 natura
1451 494 1514 552 in
1532 493 1991 556 adversariorum
2032 495 2142 576 hy-

25 629 27 631 ,
61 588 285 668 pothesi
311 587 464 646 hunc
494 575 630 646 oriri
670 586 1019 648 conflictum.
1059 587 1226 660 Quod
1265 588 1420 646 enim
1457 591 1623 667 juxta
1660 588 1963 649 Ecclesiam
1998 610 2144 650 con-

61 681 217 740 ducit
239 680 309 739 ad
333 680 553 740 bonum
574 681 867 763 spirituale
882 725 898 755 ,
912 686 1077 759 juxta
1103 688 1451 762 potestatem
1474 682 1701 743 civilem
1722 683 1929 743 ducere
1951 694 2142 765 potest

59 776 133 833 ad
173 775 489 856 temporale
525 776 968 850 detrimentum,
1000 786 1067 833 ut
1091 786 1252 855 patet
1286 796 1357 835 ex
1387 777 1658 857 conjugiis
1684 777 1935 837 filiorum
1979 778 2143 838 fami-

58 869 162 928 lias
182 915 196 944 3
233 890 358 950 quae
395 874 577 948 justas
603 869 678 929 ob
716 891 909 929 causas
937 869 1163 929 irritare
1203 869 1389 928 noluit
1415 869 1853 945 Tridentinum‚
1890 872 1962 932 ad
1998 893 2140 932 con-

59 963 308 1023 scientiae
343 963 822 1045 tranquillitatem
859 963 921 1021 in
961 984 1083 1021 non
1126 963 1320 1045 paucis
1360 963 1613 1038 casibus;
1661 976 1860 1024 contra
1894 987 2031 1027 vero
2062 965 2138 1025 ob

57 1057 400 1116 familiarum
416 1057 877 1139 perturbationes
902 1057 1154 1139 aliasque
1178 1079 1371 1118 causas
1386 1057 1589 1119 eadem
1606 1060 1794 1119 irritat
1818 1061 1879 1119 in
1895 1061 2134 1123 diversis

57 1151 387 1231 regionibus,
432 1151 525 1211 lex
577 1151 790 1225 civilis3
854 1161 914 1211 et
958 1174 1032 1211 en
1087 1152 1377 1233 quomodo
1433 1153 1644 1214 inhoc
1678 1153 1914 1236 aliisque
1956 1176 2136 1237 prope

57 1245 375 1305 innumeris
442 1245 720 1323 ejusmodi
767 1244 988 1306 casibus
1051 1245 1266 1327 absque
1316 1249 1614 1328 potestatis
1652 1247 1831 1308 abusu
1876 1251 2136 1308 oriantur

56 1339 351 1425 conflictus
378 1384 393 1413 ,
444 1339 545 1399 sed
584 1340 842 1399 oriantur
884 1341 1203 1400 necessario
1243 1352 1417 1423 atque
1454 1363 1525 1402 ex
1553 1343 1676 1425 ipsa
1713 1343 1795 1402 rei
1835 1354 2042 1403 natura
2075 1343 2138 1402 in

54 1431 516 1493 adversariorum
543 1435 850 1493 sententia.

131 1525 271 1584 246.
320 1525 500 1584 Facile
536 1527 773 1607 quidem
820 1539 907 1587 est
941 1532 1296 1607 speculativo
1321 1575 1338 1604 ‚
1382 1542 1448 1590 ut
1483 1536 1647 1609 ajunt
1675 1576 1706 1606 ‚v
1731 1530 1856 1591 tolli
1886 1532 2007 1591 haec
2043 1533 2139 1590 in-

51 1619 348 1679 commoda
370 1665 386 1695 ,
424 1621 470 1678 si
494 1641 705 1702 nempe
742 1633 989 1703 utraque
1020 1632 1270 1704 potestas
1305 1624 1458 1683 intra
1494 1624 1707 1684 limites
1735 1646 1867 1684 suos
1903 1646 1965 1684 se
1994 1646 2137 1684 con·-

49 1715 231 1772 tineat
250 1758 268 1789 .,
295 1726 379 1773 ast
398 1719 664 1793 practice
677 1726 765 1775 est
790 1715 1189 1776 difficillimum
1207 1761 1224 1791 ,
1240 1728 1305 1776 ut
1332 1729 1555 1776 constat
1578 1720 1738 1777 exiis
1762 1762 1778 1793 ,
1811 1738 1937 1800 quae
1961 1719 2134 1800 paulo

51 1819 184 1866 ante
212 1810 817 1884 commemoravimuS,
861 1822 920 1869 et
947 1832 1019 1870 ex
1042 1812 1392 1892 experientia
1420 1812 1622 1892 liquet.
1665 1814 1731 1870 Id
1758 1813 1951 1892 ipsum
1987 1833 2128 1870 con-

49 1903 311 1960 firmatur
338 1924 407 1962 ex
438 1914 524 1961 tot
538 1902 741 1962 mediis
756 1946 781 1976 ,
804 1926 930 1985 quae
956 1904 1030 1963 ad
1054 1905 1208 1963 hunc
1233 1906 1407 1964 finem
1433 1905 1815 1964 obtinendum
1845 1906 2130 1984 excogita-

48 2007 186 2054 runt
238 1996 399 2054 istius
437 1997 738 2056 sententiae
782 1999 1011 2078 patroni
1066 2020 1313 2079 quorum
1347 1998 1455 2058 alia
1505 1998 1752 2059 absurda
1797 2010 1971 2074 sunt,
2015 1988 2124 2058 alia

49 2090 240 2170 inepta
280 2102 339 2147 et
366 2090 914 2172 Ecclesiaeninjuriosa
941 2091 1054 2171 (1).

113 2278 176 2342 (1)
195 2278 312 2327 Nam
331 2279 492 2345 aliqui,
513 2289 755 2329 statuentes
771 2279 1046 2329 Matrimonii
1127 2284 1308 2330 statutis
1344 2279 1546 2331 civitatis
1587 2283 1997 2332 accommodaverit
2018 2318 2033 2338 ,
2081 2293 2125 2330 et

46 2362 279 2407 materiam
308 2377 401 2409 esse
412 2370 693 2409 contractum
719 2364 1034 2411 matrimonia·
1124 2361 1274 2426 palam
1304 2362 1598 2411 declaraverit
1630 2379 1646 2410 ε
1672 2362 1789 2427 leges
1817 2361 1916 2410 illas
1935 2365 2123 2410 canoni-

45 2440 137 2489 lem
178 2441 367 2489 civiliter
407 2441 660 2506 legitimum
705 2460 759 2491 ac
806 2444 1006 2492 validum
1026 2481 1040 2505 ‚

47 2523 330 2583 intulerunt,
347 2522 404 2571 de
430 2523 666 2587 principali
688 2523 967 2572 Matrimonii
994 2543 1043 2574 re

46 2605 235 2669 politicae
259 2605 482 2652 societatis
509 2620 601 2652 esse
626 2604 862 2670 judicare,
887 2603 1045 2654 Eccle-

45 2685 124 2734 siae
153 2703 255 2743 vero
297 2687 477 2733 nonnisi
518 2694 783 2749 potestatem
810 2688 927 2734 circa
955 2684 1038 2734 ad-

44 2765 427 2816 ministrationem
487 2765 766 2814 Sacramenti
831 2767 1040 2816 relictam

43 2866 136 2898 esse
153 2883 170 2909 ,
199 2850 261 2896 ita
298 2857 450 2896 tamen
475 2858 527 2896 ut
550 2849 751 2913 ejusdem
783 2849 1040 2914 leges¹sub-

45 2939 190 2980 essent
226 2927 399 2996 placito
443 2931 604 2994 reqio;
649 2932 715 2979 uti
749 2929 954 2980 Dolliner
987 2934 1037 2979 in

46 3028 123 3075 op.
158 3012 240 3058 cit.
269 3010 542 3059 Handbuch
583 3010 668 3059 der
700 3017 757 3059 in
795 3011 1036 3062 Oestrcich

44 3089 284 3155 yeleendcm
338 3090 619 3148 Ehereclats,
679 3109 761 3140 seu
803 3090 1034 3143 Manuale

32 3172 168 3235 Juris
184 3171 547 3220 matrimonialis
563 3171 616 3218 in
636 3170 841 3221 Austria
866 3176 1032 3239 viqen-

45 3254 124 3300 tis.
142 3251 229 3300 Alii
248 3253 425 3319 docent,
443 3256 651 3318 componi
672 3270 800 3318 posse
817 3255 995 3305 dissidia
1009 3293 1027 3320 ‚

47 3336 83 3380 si
113 3332 308 3381 Ecclesia
345 3336 394 3381 in
428 3336 519 3383 suis
554 3335 927 3384 ceremonialibus
961 3338 1027 3385 le-

45 3413 176 3476 gibus
203 3450 216 3473 ,
249 3423 294 3462 et
319 3416 368 3462 in
403 3417 672 3467 sanciendis
692 3417 1028 3481 impedimentis

49 3493 390 3543 Matrimonium
413 3505 493 3556 ‚ut
519 3498 602 3561 ipsi
629 3497 879 3563 loquuntur
895 3533 911 3560 ‚
931 3509 1028 3548 tan-

1122 2458 1205 2498 cas-
1230 2441 1574 2490 Matrimonium
1617 2442 1940 2506 prohibentes,
1966 2458 2066 2508 quae
2094 2460 2119 2490 a

1121 2532 1238 2570 statu
1280 2521 1465 2586 politico
1520 2522 1719 2588 probat-'e
1770 2540 1866 2571 non
1918 2524 2118 2582 fuerint,

1121 2602 1354 2666 abrogatas
1377 2618 1503 2666 esse;
1530 2605 1596 2651 uti
1623 2613 1827 2667 auctores
1855 2606 2008 2668 scripti
2040 2621 2122 2669 pe-

1121 2683 1280 2738 riodici
1313 2699 1328 2730 ε
1366 2681 1550 2731 Archiv
1581 2682 1670 2748 fiir
1708 2683 1795 2731 das
1832 2684 2115 2735 katholischc

1121 2764 1467 2813 Kirchen-und
1483 2763 1780 2813 Sohulwesen
1794 2804 1808 2827 ‚
1833 2783 1913 2816 seu
1934 2767 1987 2815 A
1990 2767 2117 2815 rchi-

1117 2847 1250 2894 cium
1258 2862 1348 2911 pro
1363 2845 1592 2895 catholica
1606 2845 1935 2896 Ecclesiamm
1947 2887 1965 2909 ,
1982 2847 2115 2896 sclao-

1117 2926 1361 2993 larumquc
1395 2937 1600 2988 natura,
1640 2928 1929 2978 Francofurt.
1968 2927 2113 2988 1810,

1117 3020 1229 3058 tom.
1259 3026 1276 3058 1
1297 3044 1312 3070 ‚
1353 3018 1514 3076 quaest.
1540 3026 1568 3058 2
1606 3027 1620 3057 ε
1659 3009 1811 3058 Kana
1835 3011 1918 3056 der
1942 3008 2115 3056 kathol.

1122 3091 1377 3140 Geistliche
1420 3093 1497 3141 hei
1541 3090 1844 3156 Schliessunq
1881 3091 1965 3138 der
1999 3089 2107 3138 Ehe

1116 3170 1454 3222 Civilbeamtcr
1495 3173 1600 3222 und
1648 3174 1851 3238 Psarrer
1892 3170 2105 3236 zuqleich

1113 3271 1228 3320 seyr·
1249 3255 1283 3302 ,Ρ
1316 3253 1495 3303 Utrum
1516 3253 1880 3302 Ecclesiasticus
1905 3250 2102 3316 catholiss

1112 3354 1196 3386 cus
1225 3338 1380 3404 possit
1426 3337 1477 3384 in
1519 3333 1825 3383 Matrimonii
1865 3341 2106 3382 contractu

1110 3418 1268 3466 civilis
1296 3420 1601 3482 maqistratus
1617 3424 1661 3462 et
1689 3414 1936 3463 Parochus
1957 3414 2105 3463 cionul

1108 3516 1203 3548 esse
1228 3503 1253 3547 ?
1309 3498 1384 3547 Sic
1431 3499 1567 3545 etiam
1630 3498 1864 3560 scriptores
1918 3496 2101 3545 alterius

46 3585 141 3622 tum
168 3574 517 3640 impedientibus
535 3613 549 3637 ,
579 3594 673 3626 sese
691 3580 919 3643 principiis
948 3597 1023 3628 seu
1105 3579 1437 3647 ephemeridis:¹
1466 3576 1792 3641 Theoloyische
1828 3576 1877 3625 Z
1879 3574 2107 3637 citschrt‘fi
