2534 4126
392 267 512 308 cAP.
556 245 616 306 it.
668 270 736 305 nn
778 268 1027 307 onmium
1074 267 1307 306 numano
1351 269 1416 304 m·
1461 267 1784 306 nmmum.
2022 249 2138 307 115

123 412 220 472 83.
266 413 456 490 Longa
479 432 571 470 res
594 422 743 469 esset
767 417 960 470 omnia
985 410 1349 490 singulorum
1393 410 1683 470 Ordinum
1722 411 1921 470 munia
1942 416 2143 472 ¹recen-·

40 529 200 580 sere3
225 507 513 588 praecipua
536 517 734 565 tamen
758 528 822 564 ac
851 507 1030 585 magis
1065 506 1516 586 uniuscujusque
1546 505 1778 566 Ordinis
1809 506 2043 587 propria
2069 529 2142 567 ex

38 603 273 661 illorum
308 601 650 660 definitione
671 647 686 674 7
723 622 897 682 quam
932 605 1054 678 jam
1092 598 1429 676 subjicimus
1450 644 1465 673 ,
1494 600 1683 681 colligi
1707 612 1972 682 possunt.

122 698 219 757 84.
263 694 717 755 Subdiaconatus
770 696 964 775 itaque
1004 688 1085 752 θΧ
1118 693 1282 750 dictis
1321 692 1551 751 definiri
1594 705 1786 774 potest
1840 697 1999 754 Ordo
2043 718 2147 756 seii

39 797 195 851 ritus
227 812 425 859 sacer,
467 811 582 868 quo
607 800 863 869 potestas
887 790 1189 846 tribuitur
1220 790 1623 845 ministrandi
1653 792 1921 848 Diacono
1950 803 2004 848 et
2030 793 2146 850 Sa-

40 888 261 946 cerdoti
280 891 350 944 in
372 890 564 945 Missoe
599 885 926 962 Sacrificio,
964 885 1032 939 In
1067 883 1263 939 Graeca
1300 880 1548 940 Ecclesia
1586 904 1869 942 manuum
1905 886 2148 967 imposi-

40 982 198 1040 tione
225 992 283 1039 et
311 990 472 1039 extra
508 979 899 1038 sanctuarium
927 975 1176 1034 conferri
1208 974 1391 1048 solet3
1432 976 1495 1033 in
1525 976 1771 1035 Ecclesia
1807 978 2010 1037 Latina
2047 1002 2152 1062 per

41 1075 414 1134 traditionem
434 1073 620 1134 calicis
637 1074 803 1134 vacui
824 1093 956 1130 cum
978 1081 1191 1153 patena
1215 1090 1392 1130 vacua
1418 1072 1780 1152 superposita
1806 1093 1939 1131 cum
1963 1075 2149 1135 forma

40 1171 284 1229 adnexa.
353 1218 355 1221 .

124 1265 225 1324 85.
276 1261 647 1342 Acolythatus
680 1272 767 1319 est
803 1261 990 1329 Ordo,
1017 1282 1131 1339 quo
1151 1260 1434 1317 'traditur
1450 1269 1709 1338 potestas
1743 1265 2153 1322 ministrandi

42 1361 417 1419 Subdiacono
433 1369 488 1416 et
506 1356 774 1416 Diacono
805 1362 873 1415 in
900 1356 1446 1433 Missoe'SacrificiO.
1476 1356 1788 1415 Confertur
1818 1370 2015 1418 autem
2046 1381 2151 1441 per

41 1454 415 1514 traditionem
448 1453 771 1511 ceroferarii
801 1468 939 1511 ‘cum
973 1471 1170 1525 ceren,
1208 1471 1315 1510 nec
1347 1471 1467 1508 non
1499 1460 1558 1509 et
1585 1451 1800 1511 urceoli
1826 1455 1991 1512 vacui
2019 1476 2154 1514 cum

39 1548 358 1628 respectiva
386 1548 572 1606 forma
595 1569 724 1606 eam
754 1548 1088 1605 comitante.

120 1643 217 1702 86.
246 1643 631 1701 Exorcistatus
657 1654 745 1701 est
767 1642 944 1709 Ordo,
963 1661 1078 1720 quo
1096 1650 1357 1719 potestas
1380 1640 1654 1698 traditur
1675 1661 1889 1700 nomen
1906 1648 2158 1703 Domini

39 1740 367 1797 invocandi
402 1759 587 1817 super
611 1758 734 1807 eos,
766 1740 875 1816 qui
898 1738 977 1794 ab
1009 1736 1356 1794 immundis
1391 1736 1714 1812 spiritibus
1744 1737 1960 1795 obsessi
1985 1759 2152 1796 ener-

35 1837 287 1912 9wmeni
305 1854 406 1891 seu
427 1835 739 1912 arreptitii
758 1833 1073 1890 dicuntur.
1097 1832 1290 1903 Quare
1314 1831 1625 1911 Episcopus
1651 1830 1715 1887 in
1733 1832 2149 1893 exorcistarum

41 1928 478 2007 inauguratione
502 1926 719 1985 librum
738 1926 854 1984 illis
878 1926 1118 2006 porrigit
1133 1969 1150 2000 ‚
1180 1926 1242 1982 in
1271 1946 1387 2005 quo
1410 1925 1710 1983 exorcismi
1734 1926 2111 1985 continentur
2131 1973 2148 2002 ,

43 2033 143 2079 aut
163 2021 391 2080 missale
414 2021 508 2082 vel
538 2020 867 2103 pontificale
887 2064 903 2094 .,
927 2029 985 2080 et
1006 2041 1070 2079 ea
1099 2020 1285 2077 utitur
1307 2019 1493 2078 forma
1508 2063 1524 2094 7
1547 2038 1673 2100 quae
1693 2021 1969 2100 exprimit
1997 2026 2151 2100 ejus-

45 2117 207 2175 modi
239 2117 546 2198 potestatis
582 2115 974 2175 collationem.

49 2240 51 2244 ⁴
125 2212 222 2270 87.
269 2213 601 2271 Lectoratus
624 2223 821 2270 autem
844 2220 932 2270 est
962 2211 1147 2278 Orda,
1181 2230 1295 2288 quo
1316 2213 1627 2287 confertur
1635 2220 1892 2288 potestas
1918 2213 2155 2272 divinos

44 2311 359 2385 utriusque
387 2307 633 2385 foederis
666 2308 850 2365 libros
885 2316 940 2363 et
971 2315 1315 2363 sanctorum
1353 2301 1617 2363 Patr-um
1652 2310 1882 2385 scripta
1913 2309 2154 2385 publice

49 2403 114 2456 in
150 2401 413 2459 Ecclesia
441 2401 696 2480 leyendi;
733 2401 832 2481 qui
858 2399 1016 2458 Ordo
1042 2398 1199 2480 apud
1224 2400 1450 2457 Graecos
1484 2420 1591 2479 per
1625 2408 1912 2457 manuum
1933 2403 2153 2482 pariter

47 2492 474 2573 impositi-onem
501 2504 560 2552 e't
585 2494 918 2571 adjunctam
951 2514 1186 2574 precem
1204 2534 1222 2565 ,
1258 2492 1416 2573 apud
1440 2492 1670 2550 Latinos
1697 2513 1833 2552 vero
1865 2514 1972 2574 per
2000 2498 2146 2556 sacri

48 2585 255 2646 codicis
294 2587 666 2646 traditionem
696 2607 827 2645 cum
850 2607 1021 2667 prece
1048 2587 1274 2645 adnexa
1315 2586 1634 2644 confertur.

130 2681 226 2740 88.
274 2681 615 2741 Ostiariatus
641 2680 891 2761 denique
924 2679 1152 2743 definiri
1179 2679 1326 2738 solet
1374 2680 1558 2749 Ordo,
1594 2699 1710 2759 quo
1746 2682 1995 2741 clericus
2024 2694 2155 2746 tum

48 2778 259 2854 templo
300 2788 354 2834 et
387 2779 579 2835 sacris
613 2777 791 2834 rebus
837 2776 1215 2842 asservandus,
1248 2776 1624 2854 proeficz‘tur,
1651 2786 1780 2834 tum
1821 2787 1890 2834 ut
1927 2779 2154 2840 divinis

11 2922 14 2924 .
49 2871 390 2949 MysteriiS,
419 2893 551 2950 quoe
575 2875 642 2930 in
674 2892 734 2929 eo
755 2880 1177 2950 peraguntur,
1210 2874 1605 2929 reverentiam
1638 2872 1927 2930 conciliet.
1970 2875 2153 2952 Hujus

50 2966 289 3025 materia
337 2987 407 3024 ex
460 2966 712 3025 Concilio
757 2965 1089 3044 Carthagin.
1143 2966 1216 3023 IV
1252 2976 1309 3024 et
1350 2964 1667 3023 Pontificali
1707 2967 1968 3025 Romano
2012 2981 2150 3028 sunt

52 3058 237 3118 claves
277 3061 535 3121 Ecclesiae
561 3107 578 3136 ,
619 3082 748 3143 quae
792 3060 864 3118 ab
903 3061 1180 3142 Episcopo
1224 3058 1430 3127 clerico
1465 3059 1751 3117 initiando
1801 3062 2151 3137 traduntur,

54 3153 240 3211 forma
266 3175 404 3214 vero
436 3155 614 3216 verba
634 3200 650 3230 ,
681 3177 809 3236 quae
846 3154 1097 3215 clavium
1130 3154 1506 3212 traditionem
1532 3155 1905 3212 comitantur.

138 3246 234 3305 89.
260 3250 558 3309 Posuimus
574 3261 769 3309 autem
786 3251 847 3307 in
871 3250 1149 3330 postremi
1167 3249 1338 3326 hujus
1354 3247 1588 3307 Ordinis
1613 3248 1950 3306 definitione
1975 3251 2153 3312 verba

55 3362 168 3419 quo
193 3343 475 3412 clericum
508 3347 639 3426 quia
672 3354 938 3426 receptus
962 3345 1024 3401 in
1055 3343 1299 3403 Ecclesia
1324 3365 1448 3402 mos
1481 3355 1602 3417 est,
1641 3355 1707 3401 ut
1732 3363 1904 3401 nemo
1928 3346 2001 3403 ad
2040 3349 2153 3406 Or-

58 3436 220 3495 dines
246 3451 654 3519 promoveatur
673 3485 689 3514 .,
715 3440 857 3520 quin
888 3439 1047 3520 prius
1076 3438 1249 3497 fuerit
1273 3437 1522 3498 clericali
1542 3449 1778 3496 tonsura
1804 3438 2110 3518 insignitus
2127 3489 2143 3518 ,

58 3552 161 3610 per
201 3554 375 3612 quam
421 3533 482 3590 in
523 3533 740 3593 clerum
787 3535 1028 3615 quisque
1071 3543 1391 3615 cooptatur.
1442 3531 1682 3591 Definiri
1732 3532 1891 3590 enim
1931 3538 2146 3614 passim

58 3635 294 3686 tonsura
321 3627 466 3686 solet
499 3628 841 3687 Ceremonia
875 3631 954 3686 ab
983 3629 1250 3688 Ecclesia
1290 3633 1601 3693 instituta,
1635 3646 1759 3703 qua
1785 3627 1979 3687 laicus
1998 3632 2150 3711 hap-

61 3725 275 3782 tizatus
310 3734 363 3781 et
391 3724 771 3783 Sacramento
804 3724 1285 3801 Confirmationis
1316 3729 1699 3803 consignatus
1723 3744 1890 3783 sacro
1925 3731 2054 3786 ritu
2079 3732 2148 3787 in

1765 3818 1822 3875 8.
