2508 4120
1003 119 1324 158 rascrsrtss
1370 121 1438 157 nn
1482 93 1860 161 nA'rm'momo.

383 103 503 164 342

463 267 606 326 244.
657 267 827 345 Resp.
859 263 1013 344 Ney.
1042 273 1171 323 ant.
1207 262 1296 322 Ad
1324 263 1403 321 1¹1¹
1430 261 1601 345 prob.
1633 263 1788 345 Neq.
1826 263 1972 322 min.
2007 266 2140 325 Non
2172 268 2329 328 enim
2352 279 2486 327 tan-

386 376 514 421 tum
545 358 897 441 supponitur
927 356 1210 437 ejusmodi
1244 357 1627 440 repugnantia
1651 402 1667 431 ,
1705 356 1810 418 sed
1843 357 2019 440 plane
2049 361 2353 422 evincitur.
2397 362 2487 421 Si-

384 452 623 538 quidem
660 452 865 513 eadem
898 473 990 512 res
1032 451 1106 512 ad
1139 452 1283 512 duos
1318 451 1575 515 diversos
1619 453 1887 512 dominos
1913 452 2206 513 absolutos
2234 465 2294 514 et
2316 457 2489 518 inde·-

386 548 711 634 pendentes
743 548 1040 631 pertinere
1063 570 1184 607 non
1208 558 1428 630 potest3
1461 547 1535 607 ab
1563 569 1922 630 unoquoque
1953 549 2112 608 enim
2142 549 2205 608 in
2243 548 2490 611 solidum

384 643 781 728 possideretur
802 689 819 719 ,
861 643 1020 726 quod
1060 644 1301 703 omnino
1338 642 1602 726 implicat
1623 688 1640 717 ,
1684 665 1821 704 cum
1864 645 2123 704 neutrius
2161 654 2330 704 esset.
2375 646 2498 706 Nec

383 740 586 812 refert,
617 738 776 822 quod
803 737 911 798 sub
935 737 1165 801 diverso
1196 748 1462 821 respectu
1485 783 1502 813 .,
1534 749 1591 797 et
1625 736 1700 796 ob
1734 737 1993 799 diversos
2024 739 2168 800 fines
2199 739 2358 799 idem
2386 737 2494 798 ob·

379 839 604 914 jectum
641 835 772 896 duae
806 845 1122 916 potestates
1156 834 1544 914 attingerent3
1585 854 1726 891 nam
1763 833 1810 892 si
1845 844 2091 915 utraque
2123 844 2377 915 potestas
2408 843 2496 893 est

388 951 550 1014 aeque
586 930 959 1006 immediata,
1008 952 1281 1012 suprema
1312 941 1372 989 et
1405 928 1812 1011 independens
1835 976 1851 1004 ,
1893 949 2255 1012 unaquaeque
2302 940 2495 989 totum

389 1026 681 1105 objectum
717 1025 827 1085 sibi
868 1025 1124 1088 vindicat
1158 1046 1223 1085 ac
1244 1046 1414 1084 suum
1438 1024 1574 1083 facit
1594 1070 1610 1100 a
1648 1046 1783 1085 cum
1818 1024 2032 1086 diversi
2062 1026 2205 1084 fines
2240 1025 2359 1084 sint
2388 1023 2497 1084 ob-

380 1125 536 1199 jecto
578 1123 690 1205 ipsi
740 1122 1069 1182 extrinseci.
1116 1122 1267 1180 Hinc
1314 1120 1361 1179 si
1404 1118 1520 1178 duo
1552 1119 1759 1202 aequali
1787 1124 1919 1198 jure
1955 1119 2195 1179 domum
2237 1118 2497 1202 posside-

392 1229 563 1294 rent,
607 1239 859 1300 quorum
886 1217 1035 1278 alter
1078 1215 1260 1278 vellet
1280 1237 1410 1276 eam
1435 1214 1619 1277 cultui
1651 1214 1852 1275 divino
1882 1213 2164 1290 dicatam,
2196 1213 2345 1274 alter
2370 1232 2508 1277 vero

391 1313 661 1374 eamdem
698 1313 966 1374 habitare
1011 1311 1394 1373 contenderet
1440 1322 1500 1372 et
1535 1321 1877 1373 convertere
1913 1311 1980 1370 in
2027 1330 2160 1371 suos
2206 1331 2343 1369 usus
2368 1355 2385 1385 ,
2439 1309 2503 1370 hi

391 1407 637 1468 domum
675 1409 1035 1490 attingerent
1077 1407 1186 1468 sub
1224 1407 1452 1469 diverso
1494 1416 1761 1487 respectu
1798 1417 1857 1466 et
1903 1404 1978 1466 ob
2019 1406 2163 1465 fines
2211 1404 2505 1483 diverSOS,

392 1514 655 1564 attamen
696 1515 906 1564 neuter
940 1525 1070 1563 eam
1098 1513 1294 1584 posset
1319 1501 1555 1561 habere.
1606 1502 1692 1559 En
1729 1499 1939 1581 quibus
1973 1500 2271 1582 principiis
2298 1499 2508 1559 adver—

392 1598 526 1656 sarii
542 1599 830 1657 nitantur!
859 1596 1139 1678 Exempla
1158 1618 1317 1672 vero7
1333 1616 1463 1677 quae
1483 1595 1805 1654 afferuntur
1831 1617 1901 1654 ex
1924 1595 2082 1654 festis
2109 1616 2174 1654 ac
2189 1594 2505 1667 beneficiis,

390 1693 749 1752 contrarium
776 1692 1088 1769 evincunt3
1111 1692 1310 1773 ecquis
1333 1691 1491 1750 enim
1516 1711 1654 1752 vere
1681 1689 1993 1757 catholicus
2015 1688 2234 1749 tribuat
2253 1690 2508 1772 Principi

389 1796 744 1868 potestatem
789 1786 1190 1846 immediatam
1231 1831 1247 1859 ,
1297 1805 1629 1866 supremam
1662 1829 1678 1859 ,
1730 1783 2230 1866 independentem
2265 1785 2326 1842 in
2364 1785 2505 1845 festa

392 1891 452 1941 et
485 1879 765 1941 beneficia
805 1879 1226 1941 ecclesiastica?
1271 1881 1409 1940 Haec
1441 1879 1823 1962 relinquenda
1854 1891 1992 1940 sunt
2044 1878 2504 1940 Protestantibus

393 1987 453 2036 et
480 1975 924 2036 pistoriensibus
947 1977 1060 2058 (l)

472 2071 614 2130 245.
663 2074 783 2131 Nec
821 2072 1038 2132 felicius
1066 2093 1126 2132 se
1165 2071 1484 2154 expediunt
1515 2069 1829 2134 adversarii
1864 2070 1938 2131 ab
1975 2071 2354 2132 incommodis
2383 2073 2505 2133 sive

391 2284 551 2343 questo
592 2278 797 2325 materia
821 2275 915 2342 piz'c
946 2294 1044 2325 non
1078 2281 1157 2326 sia
1191 2294 1408 2325 nemmen
1495 2294 1588 2326 esse
1591 2280 1708 2343 jure
1715 2279 1917 2343 proprio
1944 2278 2184 2327 transferre
2213 2278 2309 2326 dies
2335 2278 2395 2326 ab
2413 2269 2503 2328 Ec·

392 2355 470 2406 del
505 2354 838 2406 Sacramenta.
877 2357 1049 2405 Verum
1090 2358 1282 2432 quidem
1310 2368 1404 2417 est,
1493 2359 1626 2407 clesia
1662 2357 1944 2425 praescriptos
1979 2377 2060 2424 pro
2100 2359 2222 2408 festis
2251 2357 2499 2426 jejuniisve

394 2440 519 2507 quod
542 2439 659 2488 ibid.
686 2439 844 2487 subdit
879 2440 1146 2488 immediate
1170 2456 1183 2486 ε
1210 2439 1260 2486 Α
1271 2443 1408 2505 patto

387 2522 507 2588 pero
529 2558 543 2583 ‚
567 2520 650 2569 che
681 2522 733 2568 vi
750 2527 977 2568 concorra
1002 2520 1051 2568 la
1089 2519 1265 2569 Chiesa
1291 2518 1408 2570 colla

397 2620 488 2651 sua
517 2619 544 2651 ο
562 2603 779 2668 positiva
795 2604 1148 2668 approvazione
1172 2640 1186 2663 ,
1214 2619 1346 2669 oper
1363 2602 1409 2650 lo

394 2700 532 2732 meno
567 2685 886 2750 permissione
913 2722 926 2745 ‚
969 2695 1058 2734 etc.
1088 2684 1267 2733 Videsis
1305 2704 1407 2734 ver-

397 2769 575 2816 sionem
606 2767 799 2815 latinam
833 2766 893 2814 ad
927 2766 1100 2814 calcem
1136 2766 1403 2817 voluminis.

394 2847 477 2896 Ast
506 2850 752 2896 constituto
780 2848 920 2896 semel
950 2849 1174 2912 principio
1191 2884 1203 2907 ‚
1227 2847 1408 2914 reliqua

393 2941 668 2997 sequuntur.
695 2929 875 2980 Sufficit
904 2931 1168 2981 adversariis
1189 2931 1264 2981 vel
1285 2932 1406 2981 latus

396 3015 565 3079 unguis
585 3049 600 3070 ‚
633 3022 686 3061 ut
715 3023 860 3061 cetera
909 3012 997 3061 sibi
1027 3014 1283 3062 vindicent.
1320 3013 1409 3063 Ce-

399 3106 553 3143 terum
590 3103 636 3143 et
681 3094 761 3144 hic
799 3104 958 3142 auctor
1015 3097 1066 3142 in
1108 3096 1196 3144 hac
1232 3098 1404 3144 consti—

388 3178 560 3227 tuenda
595 3178 802 3227 doctrina
846 3177 1130 3243 progreditur
1176 3196 1230 3227 ex
1288 3180 1403 3229 falso

391 3258 618 3326 principio
639 3297 653 3321 ,
690 3258 817 3327 quod
835 3269 1096 3308 contractus
1126 3262 1345 3310 naturalis
1359 3272 1404 3311 et

388 3343 534 3391 civilis
559 3353 791 3409 separatus
814 3344 1006 3408 spectari
1029 3344 1169 3407 possit
1191 3358 1217 3390 a
1238 3343 1399 3393 Sacra·

390 3433 545 3470 mento
573 3423 626 3471 in
654 3426 878 3492 conjugiis
910 3421 1296 3471 Christianorum.

460 3503 527 3567 (l)
560 3503 681 3554 Sane
712 3524 820 3556 cum
847 3504 1062 3573 Synodus
1092 3504 1395 3565 pistoriensis,

392 3604 526 3652 prop.
544 3604 696 3649 cxxxv,
730 3589 1026 3639 adstruxisset
1046 3625 1062 3650 ,
1090 3588 1311 3654 Episcopo
1339 3588 1405 3636 fas

1492 2438 1805 2501 celebrandis,
1849 2442 1945 2489 haec
1973 2444 2221 2507 propositio
2251 2444 2499 2508 proscripta

1493 2520 1581 2571 fuit
1611 2533 1661 2571 ut
1691 2521 1819 2587 falsa
1837 2560 1851 2584 ‚
1872 2525 2013 2590 juris
2057 2522 2387 2572 conciliorum
2414 2541 2496 2589 qe·-

1490 2603 1733 2652 neraliwm
1767 2614 1811 2652 et
1849 2605 2155 2653 Summorum
2201 2605 2499 2669 Pontificum

1491 2685 1652 2734 Iaesiva
1666 2723 1683 2748 ‚
1703 2687 1980 2735 scandalum
1995 2723 2011 2748 ,
2030 2687 2273 2736 schismati
2291 2688 2461 2752 savem
2480 2726 2493 2748 ,

1491 2785 1516 2815 a
1553 2767 1633 2815 Pio
1665 2785 1727 2816 w.
1781 2767 1902 2833 Quid
1923 2803 1941 2828 ‚
1979 2771 2016 2816 si
2038 2769 2237 2834 synodus
2259 2771 2336 2835 jus
2374 2769 2496 2817 istud

1491 2848 1768 2897 secularibus
1821 2849 2113 2914 Principibus
2163 2850 2438 2899 vindicasset
2468 2850 2493 2896 '2

1491 2928 1638 2995 Quare
1666 2946 1773 2978 cum
1808 2930 2039 2996 Principes
2058 2967 2071 2992 ‚
2101 2934 2285 2981 attentis
2315 2943 2492 2998 tempo-

1489 3029 1592 3060 rum
1619 3010 1846 3077 adjunctis
1864 3038 1883 3073 ‚·
1914 3023 2142 3078 optassent
2179 3024 2256 3063 aut
2300 3015 2491 3063 transla-

1488 3095 1660 3142 tionem
1710 3104 1788 3142 aut
1832 3093 2173 3160 abrogationem
2227 3096 2450 3145 festorum
2472 3133 2486 3156 ,

1487 3176 1546 3223 ad
1574 3174 1624 3223 S.
1646 3174 1810 3224 Sedem
1825 3176 2150 3242 confugerunt,
2174 3186 2225 3225 ut
2250 3188 2352 3225 eam
2369 3177 2490 3226 obti-

1487 3268 1680 3321 nerent;
1726 3258 1958 3324 quomodo
1986 3260 2122 3324 igitur
2164 3257 2373 3308 Carriere
2402 3261 2486 3307 tri·

1485 3340 1588 3389 buit
1625 3340 1914 3406 Principibus
1942 3341 2219 3390 secularibus
2249 3343 2326 3408 jus
2363 3341 2483 3390 dire-

1486 3434 1612 3471 ctum
1641 3432 1685 3471 et
1699 3423 2016 3472 immediatum
2048 3426 2098 3471 in
2131 3424 2226 3472 dies
2262 3423 2399 3471 festos
2440 3432 2482 3470 et

1479 3509 1529 3554 in
1570 3505 1793 3554 beneficia
1811 3509 1835 3552 ⁶?
