2508 4120
2073 173 2191 232 207

507 203 626 241 CAP.
674 203 717 237 1.
765 202 832 236 DE
876 198 1222 237 MATRIMOMO
1266 198 1324 233 IN
1369 197 1429 232 SE
1471 195 1760 234 SPEGTATO.

96 349 232 408 dem
254 356 592 418 arceantur3
633 343 789 402 unde
823 353 1089 423 apparet,
1111 343 1493 400 Sacramenti
1520 359 1760 414 nomen,
1786 335 1942 419 quod
1976 338 2195 419 nuptiis

98 442 406 516 tribuitur,
437 438 509 515 ab
536 438 854 519 Augustino
876 437 1110 518 proprie
1147 431 1447 509 adhiberi,
1480 455 1602 491 non
1632 432 1803 491 latius
1833 431 1945 512 (1).

24 519 27 524 Κ
180 537 272 594 12.
319 535 637 594 Maximum
665 532 904 591 demum
935 529 1166 613 pondus
1192 528 1268 587 ad
1302 527 1569 587 eamdem
1598 528 1909 588 veritatem
1935 548 2197 609 compro-

95 630 353 690 bandam
376 628 539 688 addit
571 638 853 708 perpetua
887 635 945 686 et
983 634 1253 684 constans
1282 623 1582 702 utriusque
1613 621 1873 692 Ecclesiae
1901 622 2196 681 orientalis

96 739 155 786 et
177 722 542 783 occidentalis
566 723 864 781 consensio
897 731 956 780 et
992 717 1207 800 praxis.
1238 719 1322 775 De
1369 716 1612 776 Ecclesia
1652 718 1811 775 enim
1834 718 2036 776 Latina
2062 729 2199 777 ante

96 819 503 879 Trident'inum
537 815 706 894 hujus
746 816 829 875 rei
862 813 1038 873 fidem
1077 812 1294 870 faciunt
1323 811 1608 890 Eugenius
1644 813 1717 868 IV
1751 811 1843 893 (2)
1868 857 1884 887 ,
1923 823 2059 872 ante
2085 815 2200 872 Eu-

94 915 329 996 genium
386 913 827 971 Constantiense
866 907 1188 968 Concilium
1219 907 1308 987 (3)
1330 952 1346 982 ,
1378 918 1515 966 ante
1557 907 1877 968 Concilium
1912 909 2200 968 Constan-

95 1013 277 1070 tiense
319 1009 523 1068 Lucius
546 1011 624 1066 111
651 1007 744 1088 (4)
768 1051 784 1081 7
822 1017 958 1064 ante
991 1004 1230 1064 Lucium
1271 1003 1574 1082 Gregorius
1599 1005 1707 1078 Μ..
1734 1014 1909 1084 prout
1943 1004 2200 1064 fatentur

100 1103 415 1164 adversarii
445 1102 629 1162 nostri
662 1100 785 1179 (5),
837 1110 974 1158 ante
1012 1100 1353 1178 Gregorium
1390 1098 1825 1157 sacramentalia
1872 1109 1930 1157 et
1968 1098 2200 1159 rituales

94 1200 263 1275 libri,
316 1199 415 1280 qui
448 1198 604 1256 inter
643 1197 742 1255 VII
781 1195 1153 1253 Sacramenta
1188 1215 1419 1274 semper
1453 1194 1687 1274 nuptias
1734 1197 2040 1254 recensent
2088 1195 2202 1272 (6).

97 1297 180 1353 De
219 1292 461 1352 Ecclesia
509 1291 706 1349 Graeca
744 1300 972 1349 constat
1016 1311 1088 1349 ex
1125 1290 1414 1349 Hieremia
1463 1291 1796 1348 Graecorum
1832 1287 2161 1348 Patriarcha
2183 1334 2200 1363 .,

99 1389 199 1470 qui
228 1385 334 1446 sub
356 1387 534 1445 finem
556 1406 668 1445 sec.
697 1386 825 1444 XVI
843 1430 858 1458 ‚
884 1386 960 1443 ’in
986 1406 1227 1444 censura
1263 1386 1660 1463 Confessionis
1683 1386 2056 1464 Auyustanoe
2075 1427 2093 1455 ,
2131 1406 2205 1444 ex

97 1482 334 1539 nomine
356 1480 533 1539 totius
569 1479 832 1539 Ecclesiae
867 1482 1073 1538 Graecae
1109 1491 1334 1561 septem
1374 1480 1681 1561 profitetur
1710 1501 1835 1539 esse
1865 1481 1928 1537 in
1956 1479 2204 1539 Ecclesia

96 1577 466 1635 Sacramenta
484 1596 518 1633 a
538 1575 767 1634 Christo
786 1575 1052 1633 instituta
1070 1619 1086 1648 ,
1112 1595 1178 1633 ac
1202 1574 1277 1635 de
1301 1576 1669 1633 Matrimonio
1693 1575 2060 1655 peculiariter
2082 1575 2161 1632 ait
2185 1596 2199 1632 :

93 1672 371 1729 divinum
412 1671 871 1729 Sacramentum
904 1690 1048 1738 esse,
1089 1681 1261 1748 atque
1301 1690 1496 1727 urium
1521 1691 1592 1727 ex
1619 1672 1742 1727 illis
1775 1680 2023 1749 septem,
2074 1691 2206 1748 quae

101 1766 374 1825 Christus
407 1776 462 1823 et
496 1766 762 1845 Apostoli
792 1766 1073 1824 Ecclesiae
1117 1766 1503 1823 tradiderunt
1532 1763 1642 1846 (7)
1690 1767 1877 1846 Atque
1915 1764 1977 1823 id
2013 1766 2208 1846 ipsum

98 1860 445 1939 profitentur
486 1859 713 1920 diversa
760 1859 1012 1918 Concilia
1052 1871 1244 1918 coacta
1287 1858 1564 1917 adversus
1613 1859 1894 1939 Cyrillum
1938 1861 2206 1919 Lucarim

99 1975 253 2013 nova
296 1952 566 2032 dogmata
601 1951 982 2013 fabricantem
1017 1955 1137 2033 (8);
1175 1965 1310 2013 ante
1349 1954 1454 2012 hos
1493 1976 1694 2013 omnes
1725 1953 2048 2013 Concilium
2075 1954 2209 2013 Flo-

98 2049 394 2106 rentinum
420 2048 507 2128 (9)
530 2094 546 2123 a
584 2049 741 2129 quod
777 2049 841 2107 in
877 2049 984 2108 hac
1029 2050 1383 2131 professione
1408 2052 1531 2127 jam
1567 2060 1938 2130 praecesserat
1965 2049 2205 2110 Simeon

60 2224 62 2226 ’
164 2234 233 2298 (l)
272 2234 348 2282 Sic
374 2234 501 2283 enim
521 2235 692 2283 ibidem
724 2235 920 2284 scribit:
946 2234 1116 2299 Quem·
1197 2253 1261 2295 iv,
1290 2254 1394 2302 cap.
1422 2253 1481 2303 ¹9
1501 2275 1514 2297 ‚
1536 2237 1561 2304 §
1591 2236 1656 2301 34
1679 2277 1692 2298 ‚
1724 2241 1929 2289 scribens
1955 2261 1966 2289 ε
1993 2241 2093 2290 Pro
2113 2239 2209 2292 Sa-

97 2315 353 2363 admodum
386 2317 434 2363 si
470 2317 561 2379 fiat
594 2316 855 2365 Ordinatio
890 2317 1008 2365 cleri
1051 2319 1117 2367 ad
1191 2327 1429 2367 eramento
1454 2319 1619 2367 datum
1639 2321 1659 2388 (
1678 2324 2209 2387 matrimonium)nemo

95 2395 280 2460 plebem
302 2397 680 2462 conqreqandam
697 2435 710 2456 ‚
743 2401 936 2447 etiamsi
955 2399 1114 2466 plebis
1192 2417 1339 2466 usque
1363 2402 1429 2448 ad
1463 2401 1694 2465 Greqorii
1731 2411 1940 2467 tempora
1968 2404 2176 2454 viderat.

102 2477 403 2540 conqreqatio
439 2486 539 2525 no‘n
569 2479 882 2542 subsequatur
901 2515 916 2539 ‚
950 2489 1109 2528 manet

103 2550 260 2605 tamen
288 2557 458 2605 inillis
474 2560 713 2606 ordinatis
740 2557 1112 2624 Sacramentum

101 2638 458 2702 ordinationi33
484 2648 528 2686 et
547 2641 594 2687 si
620 2639 786 2704 aliqua
812 2640 955 2706 culpa
977 2643 1111 2705 quie-

101 2736 245 2784 quam
259 2721 318 2767 ab
328 2721 475 2785 officio
488 2730 798 2781 removeatur,
806 2720 1114 2771 Sacramenta
1132 2733 1135 2737 “

103 2799 315 2849 Domini
337 2802 482 2850 semel
512 2803 732 2868 imposito
768 2819 866 2851 non
898 2804 1075 2853 carebit
1098 2841 1112 2862 ‚

101 2884 320 2947 quamvis
341 2883 659 2949 adjudicium
669 2893 1003 2949 permanente.
1021 2885 1115 2934 De-

105 2981 238 3012 mum
286 2966 519 3014 concludit
570 2984 585 3014 2
625 2966 749 3014 Hoec
791 2969 952 3016 omnia
989 2968 1114 3016 bona

4 3063 9 3074 2
107 3053 220 3092 sunt
237 3081 250 3101 ‚
267 3055 462 3111 propter
481 3065 587 3112 quoe
608 3050 790 3114 nuptiae
815 3048 950 3098 bouoe
979 3058 1111 3114 cunt,

102 3122 288 3188 proles,
313 3126 432 3188 fides
451 3165 464 3187 ‚
493 3125 882 3178 Sacramentum.

79 3275 81 3277 Ι
181 3205 245 3268 (2)
291 3205 482 3257 Decret.
505 3228 585 3259 seu
613 3207 847 3259 Instruct.
885 3228 972 3276 pro
1011 3212 1114 3261 Ar-

110 3302 233 3333 meu.
264 3286 398 3351 Apud
435 3290 574 3340 Hard.
615 3293 746 3341 Acta
774 3291 957 3340 Concil.
995 3303 1112 3343 tom.

112 3384 178 3428 xx,
206 3368 297 3416 col.
327 3365 440 3432 440.
940 3428 945 3434 ,

180 3447 249 3511 (3)
291 3448 411 3498 lbid.
442 3461 553 3499 tom.
584 3467 697 3515 vm,
732 3453 820 3501 col.
841 3453 961 3518 915.
1010 3464 1054 3510 x*

181 3531 248 3594 (4)
289 3531 355 3579 In
380 3530 574 3580 Decreta
600 3543 722 3584 cont.
748 3535 958 3585 ltoeretic.
994 3536 1111 3587 ibid.

113 3621 225 3661 tom.
256 3631 332 3672 vn,
359 3632 458 3678 par.
495 3631 562 3669 11,
595 3616 685 3664 col.
730 3613 872 3680 1878.

184 3695 250 3760 (ὅ)
285 3696 337 3745 ld
364 3693 587 3747 Calvinus
610 3697 803 3759 fatetur,
844 3695 1009 3750 Iuctit.
1035 3698 1117 3750 lib.

1264 2483 1329 2546 (6)
1367 2482 1465 2530 Cfr.
1517 2482 1801 2538 MarteniuS,
1834 2481 1908 2530 De
1941 2486 2095 2548 antiq.
2116 2484 2210 2535 Ec-

1193 2562 1300 2610 cles.
1340 2563 1476 2612 ritib.
1511 2561 1596 2612 lib.
1625 2580 1639 2610 1
1671 2601 1684 2622 ‚
1723 2574 1839 2628 part.
1871 2580 1933 2624 ιι,
1976 2582 2079 2631 cap.
2123 2583 2207 2634 91.

1193 2652 1282 2691 art.
1321 2642 1372 2692 5.

1264 2723 1331 2787 (7)
1366 2723 1465 2773 Cfr.
1496 2742 1568 2788 op.
1587 2727 1661 2771 cui
1697 2727 1769 2774 tit.
1793 2725 2011 2775 Censura
2032 2727 2212 2776 Orien-

1194 2804 1309 2852 talis
1346 2804 1584 2853 Ecclesioe
1634 2806 1691 2854 de
1732 2810 2005 2875 praecipuis
2059 2813 2214 2859 nostri

1192 2885 1362 2944 saeculi
1392 2886 1721 2935 haereticorum
1740 2889 2072 2954 doqmatibuc,
2098 2893 2213 2942 Hie·

1194 2973 1346 3017 remiae
1443 2969 1937 3037 Constantinopolitani
2014 2975 2212 3024 Patriar-

1195 3051 1292 3123 chae
1308 3087 1322 3110 ‚
1342 3062 1429 3100 etc.
1453 3071 1477 3100 a
1491 3052 1718 3101 Stanislao
1739 3053 1976 3104 Socolovio
1996 3075 2047 3105 ex
2065 3074 2210 3124 graeco

1195 3135 1244 3180 in
1272 3133 1469 3181 latinum
1484 3152 1732 3196 conversa,
1758 3154 1862 3201 cap.
1884 3154 1910 3201 7
1926 3174 1940 3200 ‚
1964 3156 2069 3202 pag.
2093 3137 2206 3201 105,

1197 3225 1241 3264 et
1273 3233 1377 3281 pag.
1414 3233 1496 3264 ιιι
1533 3228 1577 3266 et
1627 3216 1751 3278 116,
1786 3219 1978 3284 Dilingae
2010 3218 2159 3271 1582.

1265 3295 1329 3359 (8)
1367 3296 1466 3347 Cfr.
1524 3300 1644 3364 apud
1687 3299 2028 3350 Renaudotium
2069 3340 2083 3363 ‚
2131 3303 2213 3352 De

1196 3376 1243 3424 la
1271 3381 1573 3444 perpetuite,
1618 3390 1708 3428 etc.
1751 3390 1869 3445 tom.
1910 3400 1966 3440 v,
2006 3383 2091 3434 liv.
2130 3384 2203 3448 6.,

1197 3458 1333 3524 chap.
1380 3477 1421 3508 1.

1267 3542 1334 3605 (9)
1373 3542 1430 3590 In
1442 3540 1637 3591 Decreta
1667 3544 1838 3594 union.
1857 3542 2057 3596 Armen.
2088 3549 2211 3613 apud

1204 3622 1349 3674 Hard.
1388 3623 1514 3672 Acta
1532 3623 1721 3687 Concil,
1738 3636 1854 3681 tom.
1874 3645 1922 3678 rx
1940 3667 1954 3691 ‚
1978 3631 2068 3680 col.
2089 3627 2208 3694 440.
