2508 4120
596 164 722 199 cn.
772 162 854 202 iv.
902 163 969 197 nn
1013 159 1382 197 mumnomis
1422 158 1633 196 uixi-is·
2061 135 2176 196 399

153 307 293 366 328.
341 304 428 364 Ad
450 307 570 377 6¹1¹,
594 308 748 364 Dist.
773 303 985 361 Munus
1008 299 1290 381 Principis
1309 311 1398 358 est
1413 299 1746 380 prospicere
1770 297 2005 380 publico
2024 295 2182 357 bono

71 423 177 484 per
198 400 388 460 media
421 399 673 479 legitima
693 441 710 468 ,
749 416 950 463 conc.,·
985 415 1093 476 per
1116 393 1309 454 media
1341 394 1641 474 illegitima
1666 438 1684 468 .,
1719 415 1847 474 neq.
1878 392 2015 453 Tale
2040 414 2184 475 pro·

72 498 221 556 fecto
251 495 532 576 Principis
565 514 781 552 munus
817 501 939 562 est3
982 500 1073 548 ast
1114 510 1422 570 nunquam
1475 489 1750 570 Princeps
1780 486 2012 570 publico
2043 486 2184 547 sub-

73 591 328 651 ditorum
347 610 584 648 suorum
600 588 757 647 bono
772 584 1087 668 prospiciet
1108 628 1124 653 .,
1150 604 1257 642 nec
1283 582 1431 642 illud
1458 594 1850 665 consequetur
1878 604 1982 665 per
2004 582 2179 663 leges·‚

73 685 363 767 quaeipsis
388 682 722 743 libertatem
748 680 1016 740 auferant
1045 677 1362 760 profitendi
1392 689 1590 738 sancte
1625 679 1967 761 integreque
1988 678 2187 739 catho-

71 781 241 841 licam
277 778 636 858 religionem.

154 874 295 934 329,
346 872 431 933 Ad
474 873 593 947 7¹1¹,
641 872 795 952 Neq.
842 871 1053 930 Omnia
1088 869 1231 951 quin
1279 869 1471 951 potius
1509 869 1912 951 pessumdant.
1955 870 2187 931 Etenim

79 971 141 1029 1⁰
166 980 364 1050 aperte
398 967 617 1028 violant
639 965 927 1026 solemnes
952 963 1361 1045 promissiones
1381 1009 1398 1038 7
1438 963 1651 1045 quibus
1674 1009 1691 1038 ‚
1723 975 1790 1023 ut
1822 963 2097 1037 vidimu8‚
2122 965 2189 1025 se

75 1062 514 1122 obstrinxerunt
538 1062 663 1142 (l);
702 1062 771 1120 20
807 1059 1026 1122 violant
1064 1058 1399 1119 libertatem
1427 1058 1752 1138 religiosam
1775 1059 2184 1135 Sacerdotum‚

77 1170 136 1218 et
164 1178 388 1240 sponsae
424 1157 752 1231 catholicae,
786 1154 885 1216 cui
918 1178 1039 1214 non
1074 1155 1325 1238 amplius
1364 1149 1505 1215 licet
1536 1156 1601 1213 in
1636 1157 2009 1216 Matrimonio
2043 1177 2193 1216 con-

75 1253 364 1313 trahendo
394 1274 461 1312 ea
503 1253 588 1311 uti
623 1252 772 1330 juris
810 1250 1135 1332 {equalitate
1156 1295 1172 1325 ,
1212 1273 1326 1332 qua
1373 1273 1406 1309 a
1442 1249 1570 1331 lege
1600 1251 1933 1331 evangelica
1971 1250 2194 1311 donata

78 1359 166 1407 est
190 1347 312 1428 (2);
354 1347 418 1406 30
438 1347 561 1407 haec
588 1346 814 1408 violant
832 1391 849 1417 ,
872 1346 1017 1427 quin
1042 1339 1348 1405 consilium
1382 1344 1572 1405 ullum
1595 1345 1754 1407 aliud
1791 1345 1902 1406 sibi
1926 1348 2192 1430 proposi-

76 1454 204 1502 tum
226 1442 442 1503 habere
470 1442 722 1524 possint,
767 1463 945 1523 quam
979 1452 1041 1500 ut
1081 1441 1422 1501 Sacerdotes
1461 1441 1615 1523 ipsos
1643 1440 1957 1501 catholicos
1984 1451 2194 1522 cogant

75 1536 409 1615 sacrilegam
440 1537 702 1597 conferre
752 1557 993 1617 operam
1024 1535 1100 1594 ad
1142 1534 1490 1616 religionem
1525 1534 1876 1597 catholicam
1917 1547 2196 1596 everten-

80 1631 237 1690 dam.
270 1632 420 1689 Nam
453 1629 788 1709 hujusmodi
820 1628 1149 1689 benedictio
1179 1629 1257 1689 ad
1289 1630 1552 1689 valorem
1579 1630 1827 1708 conjugii
1851 1651 1975 1688 non
1996 1630 2196 1711 requi-

81 1726 230 1785 ritur
250 1771 266 1800 a
303 1747 437 1784 cum
470 1747 503 1784 a
534 1724 821 1786 servanda
853 1725 1041 1784 forma
1072 1724 1135 1783 in
1164 1729 1285 1802 ejus
1311 1724 1704 1785 celebratione
1733 1746 1838 1806 per
1869 1724 2196 1785 Concilium

83 1819 490 1880 Tridentinum
516 1824 676 1898 jussa
720 1818 988 1878 Pontifex
1009 1819 1469 1900 dispensaverit3
1500 1840 1611 1879 nec
1649 1830 1715 1877 ut
1746 1818 1971 1880 licitum
2007 1820 2191 1899 possit

84 1913 326 1973 reddere
346 1959 362 1989 .,
401 1914 559 1995 quo'd
594 1925 682 1973 est
702 1913 972 1984 illicitum
1007 1924 1212 1995 suapte
1259 1925 1501 1990 natura3
1550 1934 1659 1973 nec
1705 1913 1782 1972 ad
1828 1914 2193 1975 conscientiae

82 2030 285 2091 pacem
319 2008 800 2069 contrahentibus
834 2008 1255 2068 conciliandam
1280 2053 1297 2083 ,
1342 2010 1440 2090 qui
1471 2008 1654 2091 probe
1698 2008 2069 2089 intelligunt,
2124 2031 2198 2070 ex

84 2105 486 2167 benedictione
512 2128 618 2188 per
648 2106 769 2167 vim
804 2117 1031 2166 extorta
1072 2105 1235 2164 nullo
1274 2106 1451 2165 modo
1475 2105 1655 2166 adimi
1679 2105 2059 2166 intrinsecam
2092 2106 2198 2167 de-

153 2338 216 2400 (Ι)
254 2337 390 2386 Hanc
433 2339 686 2387 solemnem
747 2339 1095 2403 promissionem

84 2422 134 2466 in
165 2428 366 2467 mentem
389 2429 571 2467 revocat
588 2422 682 2482 regi
698 2419 920 2466 Borussiae
952 2418 1096 2466 Arch-

86 2500 405 2549 Posnaniensis
436 2500 597 2549 Duniu
626 2503 678 2548 in
705 2501 867 2548 litteris
891 2500 947 2547 ad
962 2517 1096 2548 eum-

86 2582 192 2630 dem
225 2582 342 2631 datis
381 2582 456 2631 die
484 2579 551 2630 26
583 2581 751 2630 Octob.
786 2579 910 2648 1837
936 2619 950 2642 ‚
977 2583 1090 2631 scri·

85 2664 199 2712 bens
226 2680 240 2711 :
263 2663 522 2728 Lorsqu’en
550 2661 675 2712 1815
708 2662 765 2710 V
760 2672 856 2712 otre
885 2665 1101 2730 Majeste

64 2747 182 2810 pri!
218 2744 275 2791 de
310 2761 530 2793 nouveau
544 2746 815 2811 possession
834 2745 900 2793 du
913 2735 1101 2811 qrcmd-¹

90 2827 242 2875 duola&
281 2827 337 2875 de
365 2826 548 2890 Posen,
596 2827 681 2877 elle
707 2829 767 2891 fit
806 2827 846 2876 le
895 2826 953 2877 15
987 2828 1103 2877 Mai

91 2908 149 2955 de
179 2908 226 2957 la
269 2913 416 2957 meme
452 2913 603 2957 annea
641 2925 741 2957 aaa:
782 2909 1009 2957 habitans
1044 2910 1101 2958 de

91 3005 143 3036 ce
157 2990 491 3053 yrenei-duohti
524 2998 640 3040 cette
663 3003 901 3056 promesse
940 2991 1098 3040 solen-

92 3068 240 3118 nelle:
263 3069 320 3117 V
315 3080 410 3119 otre
431 3071 650 3136 Reliqion
666 3089 772 3121 sem
801 3074 1098 3124 sttaintenue.

94 3149 193 3199 Csr.
219 3149 361 3201 leur.
378 3169 462 3200 sur
474 3152 675 3219 I‘affaire
688 3152 744 3201 de
761 3153 982 3218 Coloqne,
1006 3166 1099 3206 etc.

94 3250 198 3297 pag.
238 3231 324 3295 74.
367 3234 466 3282 Cfr.
498 3246 709 3299 praeterea
728 3271 742 3294 ,
781 3250 884 3301 quae
909 3236 966 3285 de
994 3255 1102 3301 pro·

96 3314 387 3362 missionibus
425 3315 689 3365 Catharinae
722 3326 767 3365 et
794 3316 1015 3366 Friderici
1043 3335 1098 3378 11,

94 3394 227 3443 factis
251 3413 328 3445 an.
352 3412 477 3464 ¹77²
496 3433 510 3457 ,
532 3396 669 3463 paulo
687 3408 793 3447 ante
815 3400 1098 3464 scripsimus.

164 3476 231 3539 (2)
268 3477 366 3527 Cfr.
419 3477 494 3528 (ΣΙ.
542 3479 678 3530 Joan.
736 3480 918 3547 Joseph.
961 3481 1107 3547 ignat.

97 3558 331 3625 Dollinger
352 3598 366 3620 ‚
391 3562 510 3626 prof.
524 3563 626 3612 ord.
646 3563 907 3628 Theologiae
926 3567 977 3614 in
997 3567 1104 3615 uni·

4 3636 7 3637 ⁷
100 3643 303 3693 versitate
330 3642 666 3708 monachiensi,
688 3649 919 3712 egregium
942 3665 1103 3714 opusc.

1186 2340 1261 2385 cui
1279 2339 1349 2386 tit.
1374 2337 1530 2387 Ueber
1561 2336 1870 2387 Gemischten
1885 2337 2051 2390 Ehen.
2067 2338 2202 2390 Eine

1186 2414 1395 2464 Stimme
1427 2434 1540 2465 zum
1569 2418 1819 2481 Frieders,
1853 2437 1933 2468 seu
1966 2418 2048 2467 De
2073 2422 2199 2468 Ma-

1185 2499 1430 2548 trimoniis
1443 2500 1611 2547 mixtis
1630 2537 1644 2560 ‚
1662 2497 1714 2547 V
1710 2517 1770 2549 om
1779 2503 1953 2567 pacis,
1986 2518 2093 2568 pag.
2114 2517 2220 2569 20,-

1186 2580 1300 2630 edit.
1318 2579 1371 2644 4⁸
1402 2581 1716 2649 Regensburg.
1752 2581 1898 2635 1838.
1925 2583 2052 2649 Saepe
2073 2595 2201 2650 post-

1186 2664 1274 2713 hac
1305 2665 1395 2714 hoc
1425 2666 1646 2732 opusculo
1672 2677 1806 2728 utar,
1840 2684 1948 2716 cum
1981 2670 2084 2734 ejus
2116 2670 2200 2718 au-

1187 2757 1283 2796 ctor
1321 2765 1417 2796 non
1449 2751 1603 2796 minus
1629 2749 1790 2798 doctus
1817 2759 1862 2798 et
1890 2750 2099 2799 eruditus
2142 2752 2200 2799 sit

1188 2849 1329 2898 quam
1355 2833 1562 2880 sincerus
1592 2832 1860 2881 catholicus.
1893 2831 2060 2882 Divina
2087 2833 2200 2882 Pro-

1186 2913 1392 2961 videntia
1410 2914 1588 2962 factum
1613 2925 1708 2975 est,
1739 2924 1791 2962 ut
1824 2913 2107 2964 difficillimis
2127 2916 2200 2963 his

1187 2996 1475 3061 temporibus
1530 2995 1801 3046 universitas
1862 2997 2202 3048 Monachiensis

1187 3079 1406 3127 instructa
1440 3080 1499 3126 sit
1545 3079 1880 3144 professoribus
1922 3078 2200 3128 doctissimis

1188 3169 1232 3207 et
1264 3177 1372 3208 sana
1406 3159 1614 3209 doctrina
1647 3160 1925 3225 pollentibus
1949 3198 1964 3220 ‚
1994 3163 2076 3227 qui
2105 3179 2201 3211 sese

1187 3257 1417 3305 opponere
1448 3242 1627 3290 valeant
1654 3242 1871 3291 inanibus
1901 3241 2137 3291 conatibus
2152 3249 2202 3292 et

1187 3325 1407 3386 perversis
1460 3323 1878 3372 machinationibus
1920 3325 2201 3374 adversario-

1188 3421 1292 3453 rum
1324 3403 1538 3455 Ecclesiae
1561 3405 1813 3455 catholicae.
1852 3405 1975 3456 Inter
2004 3425 2082 3457 eos
2106 3407 2201 3455 dis-

1190 3487 1385 3535 tinctum
1426 3497 1618 3552 occupat
1653 3488 1808 3536 locum
1839 3487 1923 3539 Dr.
1963 3488 2148 3539 Goerres
2178 3522 2198 3548 ,

1187 3585 1327 3633 quem
1374 3583 1479 3617 vere
1536 3571 1768 3619 vocaveris
1822 3570 2201 3643 eqanqelicorum

1189 3649 1427 3700 malleum.
