2508 4120
2083 150 2199 210 325

412 177 533 215 GAP.
580 178 670 212 111.
720 177 787 212 DE
830 175 1221 213 IMPEmMEN'rls
1267 170 1646 225 MATRIMOMI,
1688 173 1809 211 E'rc.

88 330 369 380 statutum
386 366 401 392 .,
436 319 701 378 Ganones
722 317 982 396 legibus,
1007 337 1125 374 non
1143 318 1285 394 leqes
1300 317 1636 374 canonibus
1661 317 1921 393 adjectas
1944 335 2058 373 esse
2081 314 2106 393 (
2113 314 2192 392 1).

85 414 301 474 Eadem
319 416 543 472 ratione
559 433 681 472 sese
703 422 1004 490 gesserunt
1027 410 1323 491 Principes
1348 409 1732 469 occidentales
1752 409 2160 469 Childebertus
2180 458 2192 477 ,

87 509 475 591 (31]ἰ1ρθνίου8,
516 507 800 567 Clotarius
828 507 911 578 11,
950 503 1186 563 Carolus
1221 506 1300 592 M.
1338 503 1830 585 aliiquepassim,
1871 506 1969 587 qui
1994 515 2193 585 prote-

85 616 348 679 stantur,
375 625 435 662 se
458 601 681 682 legibus
707 601 824 659 suis
851 607 1142 658 canonum
1169 609 1404 656 tantum
1424 600 1826 658 executionem
1854 621 2057 680 urgere
2079 600 2190 680 (2).

163 701 303 759 220.
357 697 445 757 Ad
460 699 542 755 6¹1¹
564 742 580 770 ,
615 698 775 756 Disc.
803 696 839 754 J
843 693 1148 753 udicarunt
1173 694 1370 752 Patres
1391 693 1714 755 Milevitani
1735 694 2062 775 petendum
2080 740 2096 768 .,
2128 705 2195 752 ut

80 794 394 877 imperialis
420 793 514 854 lex
543 793 824 866 ferretur,
848 811 962 871 qua
985 789 1366 862 mandaretur
1391 789 1714 848 executioni
1744 811 1932 849 canon
1966 812 2066 850 seu
2098 789 2193 850 lex

79 892 141 948 in
168 889 424 949 Concilio
454 897 700 961 statuta,
735 906 837 944 seu
872 884 1065 965 potius
1089 882 1413 957 declarata.
1450 904 1636 952 conc.‚·
1675 906 1790 966 qua
1824 885 1898 943 ab
1935 887 2195 967 Impera-

81 997 205 1044 tore
231 984 699 1055 constitueretur,
715 979 872 1062 quod
892 1000 962 1039 ex
983 1000 1043 1037 se
1067 980 1266 1037 Patres
1283 977 1609 1040 Milevitani
1627 979 1812 1039 facere
1835 1002 1959 1039 non
1980 982 2193 1062 potuis·

81 1092 211 1138 sent
232 1125 248 1154 7
283 1101 411 1159 neq.
444 1078 574 1137 Tria
596 1076 691 1135 hic
722 1085 1004 1157 praestant
1031 1073 1282 1133 Africani
1312 1076 1508 1134 Patres
1535 1096 1548 1132 :
1591 1075 1654 1133 1ο
1679 1075 1947 1134 condunt
1974 1077 2187 1157 legem,

78 1187 178 1234 aut
208 1175 402 1256 potius
443 1174 628 1254 legem
667 1195 699 1231 a
734 1170 855 1231 Deo
901 1170 1199 1230 conditam
1236 1169 1570 1245 declarant,
1624 1193 1700 1231 ne
1753 1171 1969 1232 scilicet
2023 1172 2195 1233 liceat

77 1272 312 1330 vivente
340 1275 579 1349 conjuge
616 1268 692 1327 ad
725 1267 901 1327 aliam
937 1266 1185 1325 transire
1231 1288 1243 1322 :
1285 1267 1533 1325 Placuit
1572 1278 1645 1326 ut
1675 1269 2034 1336 secundum,
2077 1280 2186 1328 etc.

76 1366 136 1424 Si
166 1366 244 1424 ita
259 1368 503 1445 placuit
526 1362 794 1423 Patribus
814 1409 831 1436 v
872 1383 1006 1442 ergo
1030 1361 1221 1440 legem
1251 1360 1545 1439 condunt,
1574 1367 1675 1422 seu
1703 1363 1896 1444 potius
1928 1363 2193 1424 divinam

72 1460 261 1540 legem
283 1460 601 1521 declarant.
635 1461 702 1518 20
720 1460 904 1536 Hujus
923 1457 1064 1536 legis
1098 1454 1479 1516 violatoribus
1493 1502 1509 1532 .,
1553 1479 1696 1538 quas
1718 1469 1964 1540 possunt
1985 1480 2192 1541 poenas

72 1555 375 1635 infligunt,
419 1576 635 1636 nempe
676 1552 1107 1634 poenitentiam.
1153 1551 1219 1609 30
1241 1550 1548 1610 Postulant
1590 1551 1665 1610 ab
1692 1554 2089 1632 Imperatore,
2126 1565 2192 1611 ut

69 1648 223 1708 hanc
252 1648 440 1730 legem
477 1670 578 1708 sua
604 1667 836 1729 quoque
873 1645 1217 1704 auctoritate
1244 1646 1607 1705 communiat
1627 1667 1835 1728 poenas
1865 1649 2191 1729 corporales

70 1743 386 1823 infligendo
418 1743 528 1823 (3).

149 1840 291 1897 221.
343 1838 431 1898 Ad
457 1839 570 1911 7¹1¹,
607 1839 760 1898 Ds'st.
795 1837 1037 1896 Veniam
1066 1835 1197 1894 fecit
1227 1857 1335 1916 pro
1363 1835 1487 1894 foro
1511 1835 1665 1898 civili
1691 1846 1750 1895 et
1773 1838 1964 1917 quoad
1995 1837 2189 1899 civiles

73 1932 308 1992 effectus
330 1977 348 2008 ‚
387 1954 547 1992 conc.
574 1956 594 1999 ‚·
631 1953 758 2013 quae
794 1929 1010 1991 valeret
1045 1950 1242 1988 coram
1273 1932 1395 1989 Deo
1415 1976 1432 2004 ,
1467 1952 1596 2011 neq.
1628 1930 2015 1991 Theudoricus
2036 1955 2190 2015 prae-

68 2039 258 2102 terea,
288 2029 351 2086 in
379 2028 480 2087 tali
513 2025 827 2110 praehenda
858 2024 1162 2098 facultate,
1188 2024 1463 2084 innititur
1486 2027 1830 2085 auctoritate
1857 2025 2089 2106 legum3
2124 2041 2186 2088 at

72 2135 295 2183 certum
327 2136 419 2184 est
439 2170 454 2199 ,
485 2124 638 2204 leges
660 2122 1122 2182 Christianorum
1150 2121 1435 2198 ejusmodi
1455 2123 1610 2182 inter
1641 2123 2016 2183 consobrinos
2046 2143 2187 2183 con-

12 2294 14 2296 ¹
65 2221 396 2296 junctiones
425 2219 790 2279 interdixisse
812 2216 923 2297 (4).

139 2427 182 2488 (l
223 2426 316 2475 Cfr.
342 2426 490 2475 Natal.
516 2426 769 2476 Alexandr.
807 2426 941 2475 Hist.
968 2427 1082 2476 eccl.

73 2526 164 2557 sec.
194 2525 240 2555 vi
262 2545 276 2567 ‚
305 2525 408 2573 cap.
438 2525 492 2575 7,
523 2518 609 2556 art.
633 2525 663 2556 2
686 2545 698 2567 ‚
739 2512 821 2572 qui
854 2511 975 2556 inter
1004 2525 1082 2556 ce-

71 2600 167 2638 tera
203 2589 359 2638 scribit
389 2606 403 2636 2
439 2589 577 2636 Licet
617 2605 725 2636 vero
766 2588 824 2637 de
860 2588 998 2636 rebus
1041 2597 1086 2636 et

66 2673 287 2737 personis
302 2669 644 2719 ecclesiasticis·
655 2670 776 2735 ques
796 2669 958 2719 tulerit
988 2671 1026 2719 J
1027 2688 1083 2718 u-

1235 2426 1301 2488 (⁶2)
1339 2425 1490 2492 Hujus
1514 2428 1581 2474 rei
1610 2426 1887 2475 documenta
1917 2427 2021 2476 vide
2062 2431 2184 2493 apud

1165 2508 1339 2556 Gerdil.
1384 2510 1475 2557 loc.
1497 2511 1575 2557 cit.

1237 2588 1304 2652 (3)
1346 2589 1445 2638 Cfr.
1485 2588 1726 2639 Lcuillier.
1750 2609 1829 2656 op.
1862 2594 1942 2641 cit.
1979 2593 2182 2644 Observ.

1140 2669 1264 2741 ιηκξ
1298 2688 1315 2718 1
1368 2681 1414 2719 et
1446 2687 1493 2720 2.
2044 2679 2047 2687 ‘

75 2753 349 2813 sumanus,
387 2754 443 2800 in
481 2755 642 2818 ipsum
675 2761 793 2800 esset
828 2754 1080 2818 iniquior,

72 2836 160 2897 qui
194 2842 448 2896 assereret,
482 2836 645 2899 ipsum
666 2832 900 2884 Ecclesia?
922 2843 1082 2883 aucto-

72 2917 263 2964 ritatem
290 2933 565 2983 usurpasse.
603 2915 800 2965 Veteres
834 2920 965 2965 enim
999 2934 1082 2966 ca-

75 3013 220 3046 nones
260 3002 507 3049 renovavit
546 3000 811 3048 dumtaxat.
851 3000 910 3048 Et
946 3001 1084 3065 paulo

74 3090 176 3143 post
203 3097 217 3128 ε
258 3078 319 3130 Si
344 3099 462 3146 quas
499 3099 606 3131 vero
639 3098 787 3130 novas
834 3081 953 3148 leqes
976 3082 1087 3131 tulit

75 3160 133 3208 de
177 3161 489 3211 ecclesiastica
534 3162 794 3229 disciplina
841 3163 1085 3212 Justinia-

78 3259 205 3304 nus,
241 3244 341 3290 vim
373 3243 470 3292 illae
500 3261 598 3292 non
630 3244 899 3293 habuerunt
915 3245 1082 3304 ullam,

79 3326 185 3371 nisi
210 3326 327 3387 quia
355 3335 468 3372 sunt
493 3328 554 3374 ab
578 3325 797 3375 Ecclesia
821 3337 1015 3394 receptoe
1045 3337 1090 3375 et

82 3405 377 3472 approbatae.
411 3405 544 3471 Quod
571 3409 739 3456 deinde
763 3409 912 3457 allatis
940 3410 1085 3458 docu-

83 3490 248 3536 mentis
274 3488 494 3537 ostendit.
513 3488 614 3538 Cfr.
631 3493 766 3539 etiam
780 3490 915 3540 Card.
934 3489 1088 3541 Gerdil

87 3572 163 3617 cit.
227 3569 446 3617 Trattato
502 3569 577 3618 del
611 3571 833 3620 Matrim.
875 3583 994 3638 part.
1042 3591 1087 3630 1,

85 3648 225 3714 gu.

1233 2751 1299 2815 (Ιι)
1337 2752 1521 2801 Etenim
1539 2754 1623 2802 has
1651 2755 2032 2805 consobrinorum
2063 2777 2183 2824 nup-

1166 2836 1249 2882 tias
1276 2834 1576 2898 prohibuerat
1613 2835 1897 2886 Theodosius
1916 2876 1929 2898 ,
1977 2850 2027 2887 ut
2058 2850 2187 2905 patet

1165 2933 1219 2964 cx
1258 2916 1357 2981 lege
1386 2916 1492 2964 data
1527 2915 1584 2965 ab
1622 2918 1818 2967 Arcadio
1853 2919 1914 2969 D.
1965 2938 2049 2986 cap
2091 2919 2180 2981 16,

1166 2998 1249 3048 lib.
1286 2998 1315 3046 3
1351 2998 1547 3050 Codicis
1605 3001 1841 3051 Theodos.
1887 3003 1968 3051 De
2014 3006 2183 3053 incest.

1166 3090 1307 3146 nupt.
1346 3091 1391 3131 et
1427 3083 1509 3131 lib.
1542 3100 1558 3130 1
1587 3084 1736 3151 ejusd„
1764 3085 1869 3132 cod.
1906 3087 1976 3132 tit.
2009 3093 2054 3131 iv
2082 3121 2095 3143 ‚
2128 3084 2188 3133 Si

1168 3163 1369 3229 Nupcioe
1383 3181 1441 3213 ecc
1466 3168 1691 3232 rescripto
1698 3174 1931 3231 petantur
1954 3203 1967 3226 ,
1995 3167 2097 3216 data
2126 3168 2185 3216 ab

1170 3245 1390 3295 Honorio.
1419 3247 1517 3296 Cfr.
1549 3251 1684 3296 etiam
1719 3247 1769 3295 S.
1806 3247 2019 3296 Ambros.
2050 3247 2183 3314 epist.

1169 3346 1240 3388 Lx,
1265 3330 1377 3378 edit.
1413 3329 1563 3378 Maur.
1611 3330 1719 3377 alias
1748 3339 1866 3377 txvl'.
1902 3329 2052 3396 HuJ'us
2072 3331 2183 3397 legis

1170 3409 1497 3460 Tlieodosianae
1530 3412 1841 3459 meminerunt
1883 3413 2023 3460 etiam
2048 3412 2185 3462 Liba-

1170 3495 1301 3548 nius,
1342 3492 1481 3541 Orat.
1514 3491 1571 3539 de
1599 3491 1862 3556 Anyarffs,
1885 3491 2005 3542 edita
2036 3513 2062 3543 a
2094 3494 2185 3543 Go-

1171 3574 1407 3635 thofred03
1427 3572 1763 3637 S.Augustinus
1784 3611 1796 3634 ‚
1817 3572 1894 3622 De
1913 3575 2046 3623 civit.
2062 3573 2182 3634 Dei,

1171 3656 1257 3704 lib.
1298 3672 1375 3703 xm
1399 3692 1410 3713 ‚
1440 3671 1542 3718 cap.
1592 3651 1677 3717 163
1715 3655 1884 3705 Paulus
1917 3655 2183 3717 Diaconos,

1175 3738 1258 3785 lib.
1283 3753 1396 3797 xm,
1437 3734 1626 3801 aliique.
