2508 4120
268 97 388 156 298

929 113 1254 152 TRAGTATUS
1296 114 1367 152 DE
1410 115 1785 158 mA‘rmnomo.

270 273 482 322 contra
516 261 941 319 ecclesiasticas
968 260 1059 317 vel
1080 260 1430 338 pontificias
1461 261 1608 341 leqes
1638 264 1885 341 fuerint
1915 279 2219 332 contracta
2233 293 2254 341 ,·
2295 271 2405 330 hac

271 377 513 418 censura
544 354 776 413 notavit
815 376 827 412 τ
873 353 1139 434 Utraque
1164 356 1390 414 harum
1410 361 1900 436 propositionum
1939 373 2022 421 est
2044 367 2238 442 falsa,
2278 369 2404 428 Eo-

269 456 457 514 clesioe
487 456 798 531 potestatis
833 453 1212 531 deroyativa‚
1250 463 1306 510 et
1336 475 1408 510 ecc
1432 454 1720 514 olamnato
1760 455 2182 519 Waldensium
2211 482 2408 523 errore
2461 452 2468 461 ⁷

255 549 588 630 procedens
619 547 726 630 (1)
773 548 866 607 Sic
890 548 1067 627 igitur
1096 547 1186 607 his
1211 550 1543 609 constitutis
1561 550 1807 611 validius
1829 598 1845 628 .,
1881 553 2243 615 adversarios
2271 578 2410 638 per·

268 644 610 723 stringimus
652 667 665 702 :
701 644 843 726 Ipsis
879 643 1201 704 fatentibus
1225 691 1241 718 .,
1280 645 1608 705 Tridentini
1647 650 1843 708 Patres
1880 650 1942 708 in
1976 651 2044 709 iis
2085 650 2409 712 canonibus

269 739 697 801 constituendis
718 739 828 798 sibi
849 740 1711 823 proposuerunthaereticorum
1737 755 1797 803 et
1822 747 2147 826 praesertim
2171 747 2411 807 Lutheri

269 858 495 896 errores
529 835 901 910 convellere3
945 837 1108 918 atqui
1137 836 1426 897 Lutherus
1465 839 1730 899 Ecclesiae
1759 842 2001 901 nomine
2037 865 2159 902 non
2188 843 2413 902 Princi-

266 953 409 1015 peS,
447 932 552 992 sed
590 953 781 991 sacros
819 935 1082 992 Pastores
1121 931 1502 1013 designabat,
1544 945 1610 993 ut
1646 934 1896 996 adducta
1924 942 2046 1017 ejus
2072 938 2195 997 loca
2221 937 2412 998 decla-

266 1040 440 1102 rant3
475 1051 610 1109 ergo
634 1027 697 1087 id
724 1029 921 1111 ipsum
952 1028 1326 1088 Tridentinos
1357 1032 1555 1090 Patres
1583 1030 1941 1092 intellexisse
1966 1033 2275 1093 fatendum
2298 1044 2412 1095 est.

357 1126 497 1185 177.
549 1125 637 1184 Ad
681 1125 801 1202 3¹1¹,
850 1125 1006 1206 Neq.
1047 1127 1349 1199 Quatenus
1388 1127 1549 1186 enim
1595 1139 1926 1188 contractus
1972 1129 2415 1189 Matrimonium

269 1223 578 1284 constituit
600 1223 908 1282 materiam
935 1223 1320 1299 Sacramenti.,
1339 1235 1427 1283 est
1443 1225 1687 1284 omnino
1710 1226 2023 1309 spiritualis
2041 1238 2101 1286 et
2115 1229 2416 1310 insepara-

268 1319 403 1379 bilis
432 1341 463 1379 a
495 1321 878 1379 Sacramento
899 1365 914 1391 ,
954 1319 1205 1402 ideoque
1229 1319 1376 1398 juris
1419 1319 1605 1381 divini
1635 1333 1696 1381 et
1738 1321 2125 1384 ecclesiastici.
2166 1327 2250 1383 Ita
2277 1323 2414 1382 unia

270 1438 437 1480 versa
487 1417 683 1476 tenuit
714 1416 1066 1498 antiquitaS,
1108 1438 1217 1476 nec
1255 1417 1369 1476 nisi
1402 1418 1585 1477 serius
1616 1419 1796 1500 coepit
1824 1419 1885 1477 in
1926 1421 2203 1500 conjugiis
2233 1419 2413 1480 Chri·
2455 1470 2461 1474 .

270 1515 596 1572 stianorum
627 1515 917 1595 separatio
953 1513 1151 1573 induci
1180 1515 1337 1573 inter
1363 1515 1651 1574 rationem
1678 1527 2009 1576 contractus
2035 1528 2094 1575 et
2116 1518 2406 1575 rationem

271 1610 635 1670 Sacramenti
663 1608 771 1688 (2).
807 1611 973 1668 Hanc
1008 1609 1445 1668 distinctionem
1467 1609 1637 1670 aulici
1667 1610 1975 1692 scriptores
1999 1611 2292 1670 mordicus
2317 1610 2417 1669 ad-

272 1717 619 1766 struxerunt
645 1706 736 1785 (3)
760 1751 775 1780 7
799 1705 1015 1787 quibus
1032 1716 1234 1787 postea
1250 1728 1309 1765 se
1329 1709 1660 1784 junxerunt
1680 1705 1765 1765 illi
1788 1705 2072 1765 Gallicani
2099 1705 2373 1786 Theologi
2396 1751 2412 1780 .,

344 1917 409 1982 (l)
448 1917 550 1966 Cfr.
575 1916 716 1966 Card.
745 1916 902 1966 Gerdil
922 1955 936 1975 ‚
987 1916 1208 1966 Trattato
1233 1915 1309 1963 del
1394 1934 1557 1965 omnes
1584 1915 1821 1982 Principes
1851 1913 2119 1965 heterodoxi
2161 1925 2207 1963 et
2246 1914 2416 1963 infide-

276 2001 609 2050 Matrimonio
638 2039 650 2061 ,
672 2010 792 2066 part.
827 2015 893 2059 ιι,
927 1997 953 2065 ξ
984 2016 1001 2048 1
1029 2036 1043 2058 ‚
1071 2001 1154 2065 qui
1188 2000 1309 2047 inter
1393 2000 1491 2062 les3
1525 2000 1734 2065 alioquin
1763 1999 2031 2047 Concilium
2070 1996 2306 2046 Ecclesiae
2335 2014 2422 2045 no-

275 2092 426 2153 cetera
466 2082 683 2132 observat
732 2083 949 2131 adversus
979 2082 1070 2130 hoc
1103 2081 1305 2148 Launoji
1395 2087 1523 2131 mine
1552 2085 1849 2149 significasset
1868 2086 2006 2132 etiam
2037 2084 2245 2132 ethnicos
2264 2092 2308 2131 et
2325 2082 2419 2129 hae-

276 2177 595 2214 commentum
624 2204 636 2227 ‚
683 2166 811 2232 quod
851 2166 1024 2214 scilicet
1069 2164 1306 2212 Tridenti-
1391 2168 1580 2224 reticos,
1614 2167 1744 2232 quod
1765 2167 1836 2214 vel
1860 2169 2060 2231 cogitare
2088 2167 2292 2230 impium
2319 2175 2418 2227 est3

276 2267 394 2297 num
441 2248 685 2297 Ecclesioe
741 2251 932 2297 nomine
983 2248 1306 2314 significaverit

278 2330 485 2380 alteram
546 2330 752 2380 ecclesioe
792 2347 1054 2398 personam
1081 2367 1098 2388 ,
1137 2347 1306 2395 nempe

276 2416 530 2480 principes,
551 2417 745 2463 omnino
773 2413 1031 2462 absurdum
1044 2430 1141 2462 esse
1165 2414 1305 2461 etiam

278 2514 338 2546 ex
359 2515 413 2546 eo
427 2499 591 2563 capite,
613 2497 740 2563 quod
756 2496 1018 2545 Concilium
1036 2512 1123 2543 nec
1139 2505 1305 2561 potue-

279 2583 339 2628 rit
375 2598 538 2630 omnes
576 2580 818 2646 Principes
868 2578 1108 2628 collective
1152 2596 1307 2645 neque

281 2662 596 2710 distributive
626 2674 834 2728 sumptos
859 2663 1101 2727 designare
1130 2664 1181 2710 in
1210 2666 1306 2712 suis

279 2746 539 2795 canonibus
584 2763 598 2794 :
632 2764 730 2794 non
775 2744 1011 2793 collective
1041 2782 1054 2805 ‚
1097 2745 1307 2811 alioquin

281 2847 462 2896 semper
506 2832 818 2896 requireretur
868 2831 1082 2878 omnium
1127 2827 1305 2877 Princi-

281 2931 394 2979 pum
419 2929 672 2961 consensus
701 2913 759 2960 ad
777 2912 967 2978 aliquod
994 2912 1307 2978 impedimen-

281 3007 383 3046 tum
427 2997 651 3046 dirimens
700 2995 1036 3060 sanciendum5
1083 2994 1208 3061 quod
1255 2996 1306 3042 in

282 3083 413 3147 praxi
440 3091 507 3130 est
523 3078 807 3146 impossibile
829 3094 844 3140 3
864 3096 961 3126 non
981 3077 1304 3136 distributive,

284 3165 495 3231 alioquin
537 3163 779 3228 Principes
803 3162 973 3226 singuli
1002 3171 1187 3226 possent
1217 3163 1308 3209 im-

283 3247 552 3310 pedimenta
596 3246 860 3295 dirimentia
901 3246 1212 3300 constituere,
1263 3253 1309 3292 et

284 3327 519 3378 Ecclesioe
554 3332 744 3378 nomine
771 3327 967 3395 quilibet
997 3325 1217 3390 Princeps
1256 3329 1307 3373 in

291 3412 563 3475 particulari
621 3414 797 3460 veniret
826 3449 837 3470 ‚
880 3408 1009 3477 quod
1057 3414 1303 3473 repugnat.

287 3491 523 3542 Deberent
553 3505 766 3558 praeterea
790 3492 922 3558 juxta
945 3488 1140 3556 Launoji
1167 3493 1309 3538 inter-

286 3578 593 3641 pretationem
615 3576 797 3624 excludi
825 3576 884 3624 ab
922 3574 1011 3623 hac
1041 3574 1307 3623 auctoritate

286 3660 523 3708 sanciendi
588 3659 870 3708 Matrimonii
920 3659 1249 3724 impedimenta
1290 3694 1303 3720 ,

1392 2249 1465 2296 his
1498 2259 1655 2297 tamen
1686 2249 1923 2315 Launojus
1949 2249 2073 2296 hanc
2099 2249 2419 2296 auctoritatem

1392 2329 1572 2380 tribuit.
1606 2331 1887 2397 Sequeretur
1926 2333 2114 2396 insuper
2143 2348 2196 2379 ex
2234 2329 2422 2378 Launo-

1388 2416 1502 2479 jana
1546 2416 1831 2479 expositione
1850 2452 1863 2475 ,
1913 2412 2182 2462 Concilium
2230 2411 2423 2461 anathe-

1394 2496 1507 2545 mati
1529 2498 1777 2565 subjecisse
1792 2515 1887 2557 eos,
1906 2500 1987 2564 qui
2006 2498 2231 2566 dicerent,
2256 2512 2424 2545 errasse

1393 2582 1596 2647 aliquem
1626 2583 1951 2647 particularem
1979 2581 2243 2647 Principem
2263 2583 2315 2628 in
2332 2590 2427 2628 sta-

1393 2665 1569 2713 tuendo
1601 2667 1765 2730 quovis
1793 2665 2127 2729 impedimento
2157 2663 2420 2722 dirimente;

1393 2747 1520 2813 quod
1550 2750 1722 2813 pariter
1757 2736 1985 2812 implicat.
2028 2746 2173 2810 Igitur
2213 2761 2424 2810 quaqua-

1392 2847 1551 2878 versus
1578 2828 1853 2894 Launojana
1871 2829 2257 2877 Tridentinorum
2282 2844 2421 2875 cano-

1392 2929 1509 2959 num
1537 2913 1852 2977 interpretatio
1876 2920 2104 2976 spectetur
2126 2947 2139 2971 ,
2163 2910 2276 2958 falsa
2292 2947 2305 2969 ‚
2324 2911 2423 2957 vio-

1393 2992 1516 3043 lenta
1531 3011 1584 3043 ac
1597 2995 1807 3061 undique
1819 2994 2016 3043 absurda
2038 2980 2418 3059 deprehenditur.

1463 3076 1533 3141 (2)
1571 3076 1641 3126 De
1656 3077 1747 3126 hoc
1760 3086 2032 3142 argumento
2055 3077 2200 3124 fusius
2227 3093 2280 3124 ac
2308 3075 2420 3123 data

1397 3175 1535 3225 opera
1564 3177 1751 3225 agemus
1781 3161 1831 3207 in
1848 3177 1980 3225 seqq.
2003 3157 2417 3224 propositionibus.

1460 3242 1528 3307 (3)
1565 3242 1802 3309 Quotquot
1829 3245 1962 3291 initio
1990 3243 2130 3308 hujus
2149 3243 2312 3306 capitis
2343 3258 2426 3288 au-

1393 3338 1539 3376 ctores
1561 3328 1877 3376 recensuimus
1898 3363 1911 3386 ‚
1930 3342 1956 3373 a
1974 3342 2189 3391 germana
2206 3322 2430 3371 catholica

1393 3411 1605 3458 doctrina
1639 3408 1970 3476 quoquomodo
2002 3407 2268 3456 recedentes
2302 3406 2428 3452 circa

1395 3502 1665 3557 potestatem
1703 3490 1936 3541 statuendi
1969 3488 2330 3554 impedimenta,
2370 3483 2430 3531 ad

1394 3592 1542 3622 unum
1575 3591 1735 3623 omnes
1766 3573 1878 3622 huic
1903 3572 2188 3621 distinctioni
2212 3569 2432 3618 innitun-

1395 3669 1486 3705 iur-
