2508 4120
333 112 451 172 340
777 145 781 147 >
980 126 1306 168 Tmou-rus
1350 126 1417 165 na
1462 127 1829 169 mutuorum

333 275 568 359 proprie
593 281 821 329 tantum
845 269 1029 329 fertur
1056 271 1118 328 in
1144 271 1507 330 contractum
1536 269 1797 347 civilem,
1831 270 1925 351 qui
1954 276 2289 352 supervenit
2317 294 2448 334 con-

335 367 541 428 tractui
581 364 871 440 naturali,
926 364 1206 447 ideoque,
1255 366 1304 424 si
1352 386 1542 425 sermo
1585 366 1658 424 sit
1706 364 1778 424 de
1820 366 2094 446 conjugiis
2141 369 2399 430 fidelium
2426 416 2442 442 ,

331 461 672 544 supervenit
707 461 1099 520 SacramentO.
1145 463 1323 519 Porro
1368 460 1477 520 hoc
1509 465 1605 538 jus
1645 483 1678 519 a
1721 459 1952 520 Christo
1992 461 2129 543 ipsis
2165 462 2447 524 intactum

331 558 599 620 relictum
638 567 760 630 est,
809 555 948 615 hinc
995 557 1324 636 PrincipeS‚
1366 558 1413 614 si
1454 555 1677 614 bonum
1719 556 2002 615 societatis
2046 556 2105 615 id
2157 557 2446 639 postulet,

329 666 574 738 possunt
624 663 988 712 contractum
1039 651 1271 712 civilem
1320 651 1692 731 illegitimum
1744 662 1802 710 et
1843 652 2071 711 irritum
2119 654 2343 729 facere,
2386 655 2451 713 in

330 750 535 809 ordine
556 748 770 809 scilicet
796 746 871 805 ad
899 746 1136 806 effectus
1163 745 1359 807 civiles
1377 793 1392 822 ,
1434 746 1580 806 adeo
1604 757 1670 804 ut
1694 747 1752 806 vi
1783 746 1976 826 legum
2002 747 2169 808 illum
2192 759 2451 831 spectare

336 846 566 929 possint
602 843 785 905 veluti
811 841 1043 902 nullum
1064 889 1078 914 ,
1120 864 1241 901 non
1273 855 1467 902 autem
1504 843 1567 901 in
1605 842 1729 901 foro
1763 843 2127 903 conscientiae
2158 855 2218 904 et
2258 865 2451 903 coram

330 944 472 1001 De0.
513 941 661 999 Cum
703 960 838 999 vero
883 939 945 996 in
980 939 1241 1019 ipsorum
1291 939 1550 1020 imperiis
1588 937 1786 1018 religio
1820 937 2129 1023 christiana
2166 938 2451 1021 propaga·—

329 1049 462 1111 tur,
500 1046 600 1095 aut
623 1035 734 1117 ipsi
763 1045 1115 1116 permanent
1138 1035 1199 1092 in
1234 1034 1609 1107 infidelitate,
1642 1045 1700 1094 et
1734 1034 1973 1093 nullum¹
1989 1039 2085 1113 jus
2127 1034 2347 1095 habent
2387 1035 2451 1093 in

332 1142 696 1191 contractum
741 1128 1110 1212 conjugalem
1152 1151 1181 1187 a
1220 1129 1486 1189 fidelibus
1527 1131 1740 1189 initum
1780 1131 1843 1188 in
1884 1130 2007 1189 foro
2045 1131 2448 1206 conscientiae,

331 1227 435 1287 sed
466 1237 819 1287 conservant
849 1225 997 1284 ill'ud
1015 1225 1214 1307 ,quod
1256 1210 1591 1285 siabuerunt
1624 1216 1689 1285 'in
1706 1237 2073 1286 contractum
2119 1226 2352 1287 civilem
2393 1238 2452 1285 et

334 1326 764 1396 extrinsecum,
799 1334 899 1381 aut
933 1321 1109 1382 fidem
1130 1324 1508 1404 profitentur,
1539 1335 1597 1382 et
1630 1345 1781 1383 nova
1818 1324 1960 1405 ipsis
1991 1324 2144 1382 inest
2180 1322 2450 1403 obligatio

334 1441 395 1480 se
437 1418 782 1498 subjiciendi
825 1418 1089 1477 Ecclesiae
1128 1418 1446 1492 doctrinae,
1499 1439 1562 1477 ac
1611 1418 1757 1477 filios
1794 1417 2178 1500 obsequentes
2217 1440 2277 1478 se
2317 1439 2449 1497 erga

335 1515 603 1576 eamdem
641 1512 987 1584 exhibendi,
1029 1535 1148 1571 non
1174 1525 1369 1572 autem
1410 1513 1747 1594 acquirendi
1768 1519 1893 1592 juS,
1936 1536 2051 1595 quo
2077 1525 2247 1572 antea
2293 1533 2451 1571 care·

337 1609 485 1669 bant
509 1610 620 1688 (1).
651 1607 879 1666 Falsum
900 1619 1179 1689 praeterea
1205 1619 1321 1684 est,
1348 1608 1506 1689 quod
1528 1608 1841 1668 adversarii
1871 1609 2201 1684 affirmant,
2227 1608 2447 1690 opponi

338 1706 667 1764 doctrinam
703 1715 965 1761 nostram
994 1705 1285 1762 constanti
1320 1703 1583 1762 Ecclesiae
1615 1703 1931 1776 doctrinaez,
1971 1715 2036 1761 ut
2058 1705 2216 1762 enim
2246 1713 2449 1762 caetera

340 1799 572 1858 silentio
610 1808 955 1879 praeteream
976 1843 991 1872 ,
1027 1818 1155 1877 quae
1195 1797 1308 1856 huc
1333 1797 1528 1857 afferri
1557 1809 1826 1879 possent,
1865 1808 2039 1878 atque
2084 1808 2150 1855 ut
2185 1797 2450 1856 insistam

340 1903 717 1974 argumente,
762 1890 920 1973 quod
962 1913 1260 1953 versamus
1282 1938 1298 1967 ,
1335 1892 1581 1962 Ecclesia
1610 1892 1968 1951 contrarium
1991 1890 2249 1951 ostendit
2286 1892 2458 1973 praxi

344 2012 445 2049 sua
483 1990 604 2050 sive
648 1999 783 2047 ante
822 1988 942 2050 sive
986 1980 1118 2070 post
1158 1988 1496 2070 Principum
1534 1989 2008 2064 conversionem,
2050 1987 2135 2046 u-ti
2184 1988 2463 2048 evincunt

345 2086 729 2159 documenta,
762 2104 889 2165 quae
916 2083 1216 2142 attulimus
1252 2085 1357 2165 (2).

425 2179 570 2238 243.
620 2180 763 2237 Inst.
812 2177 1031 2237 Saltem
1062 2177 1294 2237 ostendi
1337 2180 1541 2259 nequit
1577 2200 1648 2238 ex
1685 2180 1985 2260 utriusque
2007 2224 2022 2251 ,
2063 2178 2246 2238 civilis
2276 2190 2335 2238 et
2365 2200 2463 2238 ec·-

348 2274 675 2336 clesiasticae
698 2319 713 2348 ,
739 2275 1043 2355 potestatis
1068 2275 1283 2332 mutuis
1309 2273 1690 2333 relationibus
1719 2274 1823 2332 soli
1849 2273 2107 2333 Ecclesiae
2133 2285 2461 2356 competere

344 2377 440 2451 jus
467 2368 761 2429 statuendi
791 2368 1213 2450 impedimenta
1240 2368 1593 2429 dirimentia.
1638 2370 1699 2427 10
1734 2370 1794 2428 Si
1825 2391 1937 2450 qua
1975 2370 2132 2428 enim
2162 2370 2463 2429 contrariae

354 2466 660 2527 sententiae
690 2475 991 2524 momenta
1022 2476 1246 2539 essent,
1283 2464 1403 2523 haec
1429 2463 1523 2523 vel
1545 2485 1614 2523 ex
1628 2468 1761 2542 jure
1787 2463 1881 2523 vel
1916 2485 1991 2523 ex
2020 2463 2169 2523 facto
2194 2463 2463 2524 desume-

350 2574 590 2635 rentur3
631 2570 910 2620 neutrum
955 2581 1129 2642 porro
1171 2559 1279 2619 dici
1324 2571 1535 2642 potest.
1579 2562 1708 2619 Non
1748 2583 1821 2620 ex
1844 2565 1994 2639 jure
2023 2605 2038 2635 ,
2079 2581 2218 2618 nam
2245 2580 2371 2642 quae
2399 2581 2470 2619 ex

349 2663 483 2736 jure
500 2657 824 2717 afferuntur
845 2659 1210 2735 argumenta,
1230 2657 1350 2738 peti
1373 2654 1563 2715 solent
1585 2656 1708 2717 sive
1732 2677 1801 2715 ex
1817 2656 2200 2737 repugnantia
2226 2654 2467 2736 duplicis

359 2773 641 2835 supremae
665 2798 682 2826 ,
720 2750 1067 2811 immediatae
1099 2772 1164 2809 ac
1192 2750 1643 2831 independentis
1683 2751 1985 2832 potestatis
2015 2751 2077 2808 in
2093 2749 2252 2808 idem
2274 2748 2467 2827 objec-

360 2861 523 2919 tum,
566 2848 688 2908 sive
724 2868 792 2906 ex
829 2846 1249 2920 incommodiS,
1292 2867 1508 2926 nempe
1545 2867 1616 2904 ex
1654 2846 1953 2926 utriusque
1987 2845 2288 2926 potestatis
2327 2866 2469 2904 con-

362 2943 561 3015 flictu3
595 2945 718 3019 jam
759 2963 896 3001 vero
942 2940 1325 3021 repugnantia
1364 2939 1461 2998 illa
1492 2940 1841 3020 supponitur
1877 2950 1936 2998 et
1977 2961 2097 2998 non
2152 2939 2465 3022 probatur,

365 3041 485 3098 imo
515 3038 710 3120 potius
749 3036 1035 3095 evincitur
1071 3036 1447 3094 contrarium.
1492 3036 1643 3093 Nam
1670 3034 1803 3094 licet
1835 3034 2131 3112 objectum
2165 3034 2321 3094 idem
2358 3036 2465 3110 sit,

370 3133 479 3193 sub
512 3132 744 3192 diverso
785 3140 980 3189 tamen
1022 3140 1289 3209 respectu
1321 3130 1623 3209 attingitur
1660 3128 1733 3188 ab
1770 3141 2016 3212 utraque
2048 3141 2367 3213 potestate,
2411 3141 2470 3190 et

373 3228 632 3289 diversus
657 3237 746 3287 est
768 3226 897 3284 finis
923 3227 1257 3308 utriusque,
1283 3226 1346 3285 in
1376 3246 1490 3307 quo
1514 3225 1673 3284 nulla
1694 3247 1813 3285 esse
1830 3236 2021 3308 potest
2041 3247 2265 3307 pugna3
2295 3225 2470 3307 idque

446 3416 511 3481 (1)
545 3417 648 3467 cfr.
683 3417 946 3468 Muzzarelli
970 3455 984 3478 ,
1028 3421 1077 3465 in
1105 3435 1262 3483 opusc.
1306 3422 1384 3466 cit.
1468 3418 1783 3484 imperialibus
1800 3455 1813 3478 ,
1834 3434 1945 3484 quas
1961 3415 2160 3467 Ecclesia
2178 3427 2256 3467 aut
2276 3416 2495 3467 correxit>

375 3515 478 3565 pag.
504 3498 602 3547 215
628 3509 795 3567 etseq.
1469 3510 1546 3550 aut
1570 3500 1837 3566 abrogavit,
1865 3501 1997 3564 juxta
2023 3498 2160 3548 dicta.

446 3580 509 3644 (2)
543 3580 594 3629 Id
615 3592 855 3632 constatex
883 3584 938 3631 iis
967 3580 1182 3631 omnibus
1210 3576 1386 3643 legibus
