2508 4120
674 162 794 197 CAP.
839 161 916 199 lv.
965 163 1031 197 nn
1074 159 1440 200 nur-mouns
1484 164 1689 202 auxus·
1968 205 1979 214 ,
2118 146 2229 205 417

144 306 324 365 causis
369 302 693 384 permoveri
716 322 915 382 posse,
954 313 1020 360 ut
1064 302 1137 361 ad
1160 324 1281 361 sese
1323 304 1654 364 universam
1700 302 1957 363 sobolem
2010 305 2226 365 trahat.

145 402 362 459 Verum
406 396 628 456 etiamsi
662 395 895 471 demuS,
939 396 1095 476 quod
1125 395 1301 456 fidem
1340 399 1523 478 pactis
1563 398 1972 480 promissisque
2005 408 2234 461 servare

148 494 322 567 velit7
381 503 579 550 tamen
615 511 773 548 unus
825 491 1131 569 oedifi'cans
1143 533 1165 562 ,
1200 502 1266 549 ut
1301 490 1478 551 verba
1514 513 1790 573 usurpem
1831 492 2198 554 Ecclesiastici
2217 541 2232 569 .,

146 600 201 647 et
238 607 402 646 unus
432 586 738 645 destruens
771 609 790 642 .·
827 585 982 662 quid
1004 586 1248 663 prodest
1303 589 1430 644 nisi
1470 586 1688 646 labor?
1745 587 1915 647 Unus
1945 602 2127 649 orans
2185 602 2239 648 et

147 702 310 741 unus
337 679 738 737 maledicens:
771 682 949 756 cujus
980 699 1171 737 vocem
1206 681 1484 740 exaudiet
1507 683 1668 740 Deus
1697 680 1835 762 (l)?
1959 743 1965 746 ,

215 773 364 838 349.
415 774 551 832 Haec
590 771 662 831 de
700 772 1068 838 Matrimonio
1121 773 1296 854 paulo
1342 774 1620 854 prolixius
1668 797 1786 882 pro·
1825 778 1908 836 rei
1960 777 2238 856 gravitate

147 889 312 949 agere
348 866 546 938 volui3
600 867 662 938 in
706 879 821 947 qua
861 851 1207 927 tractatione
1247 867 1396 926 nihil
1448 889 1543 928 me
1589 869 1880 951 scripsisse
1925 872 2236 957 profiteor,

147 962 301 1046 quod
320 983 393 1022 ex
412 960 670 1022 veritatis
700 980 896 1020 amore
926 971 985 1020 et
1009 960 1304 1022 catholicae
1333 961 1606 1021 doctrinae
1639 963 1868 1023 tuendae
1897 963 2087 1023 studio
2119 987 2240 1024 non

146 1060 220 1118 sit
254 1057 591 1141 profectum.
624 1056 894 1114 Ceterum
925 1056 971 1113 si
1009 1055 1152 1136 quid
1182 1056 1333 1115 forte
1376 1056 1639 1117 videatur
1675 1079 1707 1116 3
1745 1079 1840 1118 me
1875 1058 2094 1118 dictum
2118 1081 2242 1120 esse

146 1152 411 1250 liberius5
445 1171 622 1232 quam
658 1159 723 1207 ut
745 1146 974 1231 placere
1004 1148 1354 1230 quibusdam
1377 1150 1591 1231 possit,
1626 1151 1842 1226 velim,
1862 1163 1930 1210 ut
1964 1153 2112 1235 aequi
2132 1152 2242 1212 ho-

146 1246 331 1307 mines
369 1238 567 1319 sedato
598 1254 937 1324 attenteque
975 1243 1170 1300 animo
1193 1263 1389 1302 secum
1423 1255 1740 1326 reputent,
1785 1266 1914 1326 quae
1951 1246 2242 1306 sanctissi-

147 1363 276 1400 mus
306 1338 748 1401 Mediolanensis
780 1337 1031 1396 Antistes
1058 1335 1394 1396 Ambrosius
1417 1337 1493 1396 ad
1511 1337 1899 1398 Theodosium
1920 1340 2241 1420 piissimum

145 1437 577 1518 Imperatorem
593 1432 755 1518 polim·
775 1431 1002 1513 scripsit
1033 1452 1061 1489 :·
1086 1432 1207 1490 Sed·
1235 1453 1422 1511 neque
1447 1435 1776 1512 'imperiale
1806 1444 1889 1493 est
1913 1435 2244 1518 libertatem

145 1531 392 1604 dicendi
403 1523 719 1609 deneqar'e,
749 1527 939 1614 neque
959 1527 1345 1600 sacerdotale,
1372 1528 1536 1606 quod
1552 1530 1774 1587 sentias
1790 1571 1813 1600 ,
1842 1549 1964 1588 non
1979 1524 2237 1589 dicere...

142 1624 453 1702 Siquidem
476 1623 580 1681 hoo
595 1626 840 1681 interest
861 1626 1021 1680 inter
1039 1623 1215 1691 honos
1235 1632 1291 1679 et
1311 1623 1496 1679 malos
1517 1617 1834 1700 Principes
1846 1663 1871 1689 ,
1911 1624 2075 1700 quod
2106 1623 2250 1681 boni

145 1718 472 1776 libertatem
489 1728 735 1788 amant,
766 1721 1105 1775 servitutem
1130 1716 1414 1795 improbi.
1442 1716 1626 1786 Nihil
1645 1720 1827 1774 etiam
1850 1719 1920 1774 in
1940 1718 2246 1776 Sacerdote

146 1821 270 1870 tam
281 1811 693 1891 periculosum
709 1811 882 1890 apud
898 1805 1097 1869 Deum
1111 1851 1137 1881 ,
1166 1818 1292 1867 tam
1325 1820 1502 1888 turpe
1531 1810 1706 1887 apud
1724 1810 1989 1868 homines
2002 1851 2026 1882 ,
2058 1832 2244 1890 quam

145 1907 308 1985 quod
338 1910 554 1965 sentiat
579 1925 701 1964 non
731 1905 912 1964 libere
932 1905 1404 1984 pronunciare...
1454 1903 1620 1983 Quod
1644 1907 1811 1983 facio
1835 1909 2119 1984 primum
2151 1912 2250 1966 tui

145 2019 376 2070 amore,
397 1996 516 2077 'tui
531 2003 768 2081 qratia,
806 2009 925 2059 tuae
953 1998 1152 2058 studio
1182 1998 1603 2058 conservandae
1633 2000 1854 2059 salutis
1884 1999 1994 2081 (2).

218 2191 282 2254 (1)
313 2189 427 2255 Cap.
459 2205 602 2238 xxxiv
620 2226 634 2249 ,
669 2186 733 2236 28
756 2198 800 2237 et
823 2204 902 2255 29.
933 2186 1034 2237 cfr.
1063 2186 1148 2237 Se·
1301 2187 1370 2251 (2)
1405 2185 1568 2254 Epist.
1591 2205 1664 2251 n,
1689 2190 1802 2240 edit.
1826 2189 1978 2240 Maur.
2002 2208 2051 2239 n.
2081 2206 2110 2239 α
2127 2201 2170 2241 et
2189 2190 2239 2240 3.

149 2273 296 2320 rarius
314 2310 329 2334 ‚
359 2287 439 2336 op.
470 2271 552 2320 cit.
580 2286 685 2335 cap.
714 2284 743 2317 2
761 2305 776 2327 ,
804 2267 831 2335 §
860 2266 921 2332 14
947 2279 993 2319 et
1011 2285 1148 2335 :seqq-

307 3697 368 3757 T.
415 3697 531 3758 VII.
1841 3691 1918 3750 27
