2612 4146
704 209 772 244 nn
814 204 1317 244 innotenn'rmaum
1362 202 1668 240 THESAURO.
2173 179 2245 238 31
2344 183 2355 192 '

224 353 322 411 62.
372 348 592 424 Quibus
624 349 705 407 ita
727 348 999 430 expositis
1019 393 1034 421 ,
1058 369 1313 428 pronum
1338 357 1428 407 est
1463 355 1740 405 assertam
1782 344 2084 404 adstruere
2109 366 2250 427 pro-

136 448 505 530 positionem.
543 444 773 503 Etenim
798 447 966 521 juxta
1000 442 1151 501 dicta
1179 488 1195 517 .,
1231 440 1732 521 indulgentiarum
1777 439 2080 499 thesaurus
2111 451 2251 500 sunt

137 545 260 625 ipsa
286 542 491 602 merita
513 539 726 599 Christi
756 550 815 598 et
841 540 1183 599 Sanctorum
1200 582 1215 611 ,
1241 548 1528 622 quatenus
1556 547 1694 595 sunt
1719 535 2092 594 satisfactoria
2113 581 2128 610 7
2151 546 2251 594 aut
2303 539 2308 541 ⁴

138 640 315 700 etiam
336 635 731 718 impetratoria
776 655 841 693 ac
867 629 1402 717 superabundantia
1424 676 1439 705 .,
1477 642 1535 690 et
1564 652 1811 712 quorum
1838 630 2146 712 applicatio
2174 630 2249 690 ab

138 734 398 795 Ecclesiae
431 731 750 790 ministerio
783 729 1033 811 pendet3
1071 727 1234 809 atqui
1267 725 1483 784 dantur
1506 727 1567 784 in
1618 726 1864 786 Ecclesia
1892 727 2013 787 haec
2038 727 2250 787 Christi

138 841 198 898 et
234 831 579 888 Sanctorum
610 826 815 884 merita
837 869 854 900 .‚
896 842 1142 905 quarum
1184 820 1495 902 applicatio
1530 819 1791 882 Ecclesiae
1836 824 2159 882 ministerio
2192 834 2251 884 et

137 923 468 983 auctoritati
498 922 802 980 commissa
831 929 937 979 est.
965 920 1157 976 ⁴Datur
1178 916 1353 995 igitur
1377 916 1438 973 in
1468 915 1718 974 Ecclesia
1750 917 2252 997 Indulgentiarum

137 1019 441 1078 thesaurus
476 1027 747 1075 constans
776 1034 848 1072 ex
878 1011 1097 1070 meritis
1135 1009 1346 1069 Christi
1371 1021 1431 1069 et
1460 1011 1825 1069 Sanctorum.
1973 1010 1977 1014 ’

221 1113 320 1172 63.
368 1113 505 1171 Dari
530 1128 705 1192 porro·
742 1108 862 1166 haec
891 1106 1097 1165 merita
1136 1105 1349 1164 Christi
1384 1105 1762 1164 satisfactoria
1792 1117 1851 1164 et
1885 1107 2252 1188 superabun-

140 1208 374 1281 dantia,
417 1225 598 1265 nemo
637 1201 856 1283 absque
897 1200 1204 1280 impietate
1243 1200 1485 1259 inficiari
1519 1211 1747 1279 potest,
1798 1210 1856 1259 et
1905 1201 2018 1259 nisi
2064 1197 2254 1283 ipsam

141 1300 606 1381 redemptionem
634 1306 825 1376 neget.
856 1297 1005 1354 Sane
1035 1315 1228 1377 neque
1255 1294 1571 1356 adversarii
1593 1295 1703 1377 ipsi
1722 1341 1737 1369 .,
1769 1297 2095 1377 praesertim
2121 1300 2254 1357 Pro-

146 1405 459 1470 testanteS,
494 1394 595 1475 qui
621 1391 986 1452 contendunt
1021 1391 1293 1469 injuriam
1326 1392 1482 1450 cruci
1521 1390 1735 1449 Christi
1761 1391 2000 1471 irrogari
2026 1393 2255 1454 satisfa-

60 1540 67 1547 .
136 1489 422 1549 ctionibus
444 1489 657 1548 nostris
680 1533 694 1562 ‚
720 1509 788 1547 eo
812 1485 970 1568 quod
992 1485 1256 1545 Christus
1277 1497 1406 1544 tum
1430 1485 1623 1567 quoad
1650 1484 1883 1567 culpam
1905 1498 2034 1546 tum
2061 1488 2255 1570 quoad

137 1604 377 1667 poenam
404 1605 644 1643 omnem
665 1580 1118 1657 cumulatissime
1147 1580 1359 1641 divinae
1378 1581 1616 1659 jus-titiae
1648 1581 2004 1641 satisfecerit.
2040 1584 2256 1643 Verum

136 1681 262 1739 dari
303 1691 584 1762 praeterea
639 1678 846 1737 merita
898 1676 1277 1735 satisfactoria
1328 1685 1386 1735 et
1436 1675 1675 1757 quidem
1717 1676 2255 1758 superabundantia

136 1778 479 1835 Sanctorum
498 1820 512 1849 ,
549 1795 580 1833 a
601 1773 837 1832 nemine
854 1772 1074 1854 pariter
1096 1768 1333 1831 cordato
1356 1772 1554 1851 negari
1582 1783 1809 1853 potest3
1837 1783 1903 1831 ut
1924 1768 1998 1832 de
2024 1776 2086 1833 B.
2117 1776 2255 1835 Vir-

137 1871 269 1950 gine
301 1881 531 1930 constat
561 1879 622 1928 et
649 1867 720 1927 de
749 1869 806 1926 S.
841 1869 1069 1926 Joanne
1107 1862 1361 1948 Baptista
1389 1911 1403 1940 ,
1453 1885 1705 1948 quorum
1740 1868 1860 1926 vita
1895 1870 2254 1930 sanctissima

139 1966 280 2038 fuit,
321 1976 380 2024 et
404 1951 783 2023 nihilominus
809 1973 898 2021 tot
926 1983 1130 2044 poenas
1154 1962 1411 2043 perpessi
1439 1973 1577 2020 sunt
1598 2007 1614 2036 ‚
1639 1973 1705 2020 ut
1729 1962 1879 2021 nihil
1900 1964 2180 2046 ampliuS‚
2206 1966 2254 2025 si

139 2072 339 2120 tamen
368 2060 667 2142 quidpiam
687 2105 702 2134 7
734 2059 783 2117 si
815 2078 1006 2117 sermo
1028 2057 1352 2138 praesertim
1380 2057 1454 2115 sit
1479 2055 1552 2116 de
1578 2058 1642 2116 Β.
1675 2058 1902 2138 Virgine
1923 2103 1939 2133 ,
1970 2058 2255 2121 luendum

140 2155 444 2215 haberent.
487 2154 655 2228 Quod
684 2165 880 2213 autem
911 2153 984 2212 de
1017 2151 1106 2210 his
1144 2152 1367 2211 dictum
1403 2159 1525 2227 est5
1574 2150 1647 2211 de
1678 2153 2000 2213 innumeris
2037 2156 2255 2236 pariter

139 2250 487 2331 Martyribus
522 2262 581 2309 et
609 2249 980 2308 sanctissimis
1013 2248 1164 2307 Viris
1186 2293 1202 2322 .,
1238 2247 1338 2328 qui
1371 2248 1575 2329 quovis
1608 2259 1872 2330 tempore
1907 2249 1972 2307 in
2010 2250 2255 2310 Ecclesia

140 2344 498 2420 floruerunt,
549 2366 680 2403 cum
715 2343 909 2403 debita
953 2343 1332 2424 proportione
1383 2364 1641 2424 pronum
1683 2354 1771 2402 est
1814 2343 2064 2405 credere.
2105 2346 2254 2405 Sane

139 2451 268 2500 tum
314 2443 370 2500 S.
426 2441 761 2503 Ambrosius
801 2451 927 2498 tum
959 2440 996 2496 S
1049 2441 1222 2497 Joan.
1269 2438 1713 2519 Chrysus-tomus
1761 2439 1823 2498 id
1855 2440 2144 2500 affirmare
2180 2441 2255 2501 de

142 2534 490 2615 Martyribus
538 2534 779 2615 aliisque
829 2534 1139 2620 sanctitate
1183 2533 1504 2615 conspicuis
1545 2555 1669 2593 non
1723 2532 2104 2608 dubitarunt3
2153 2535 2255 2617 qui

143 2639 422 2707 praeterea
468 2628 922 2687 luculentissime
967 2638 1307 2708 exponunt„
1351 2627 1554 2708 quanti
1585 2626 1819 2687 valeant
1861 2628 2018 2710 apud
2064 2631 2255 2690 Deum

142 2723 485 2782 Sanctorum
524 2724 731 2782 merita
766 2721 841 2782 ad
867 2731 1237 2804 peccatorum
1283 2719 1687 2782 remissionem
1710 2769 1725 2797 ‚
1773 2735 1833 2783 et
1880 2723 2210 2785 doctrinam
2234 2771 2251 2802 ‚

142 2836 317 2899 quam
340 2840 775 2900 propugnamus
795 2863 811 2891 a
838 2817 1134 2898 aptissime
1165 2817 1489 2894 evolvunt,
1527 2818 1650 2900 ipsa
1693 2817 1952 2880 adhibita
1985 2821 2258 2881 thesauri

141 2934 279 2973 voce
316 2921 376 2972 in
419 2936 486 2974 ea
514 2959 532 2988 ,
578 2935 692 2995 qua
729 2934 833 2971 nos
875 2934 1005 2972 eam
1034 2911 1345 2994 accipimus
1374 2955 1395 2988 ·›
1433 2913 1850 2993 significatione
1876 2914 1987 2995 (l).

142 3102 535 3152 Nou-oeulemem
558 3101 747 3165 iljouit
773 3102 830 3151 de
860 3118 935 3149 ses
954 3116 1152 3167 'propree
1199 3119 1202 3121 ’
1235 3103 1351 3150 &tait
1391 3110 1528 3150 autre
1553 3103 1689 3152 chose
1729 3103 1906 3170 qu’tme
1944 3105 2132 3170 qrando
2156 3106 2252 3155 In·-

141 3187 328 3233 mbrites
347 3220 367 3247 ,
387 3186 514 3232 mais
542 3184 606 3232 les
631 3184 957 3249 satisfactione
988 3188 1152 3231 etron-
1234 3183 1465 3248 dulqence
1507 3186 1731 3235 aecor-dee
1756 3203 1827 3235 au
1864 3201 2009 3252 ysare
2041 3187 2252 3238 ltumain

141 3268 271 3330 ρὲνοε
314 3266 388 3315 lm·
404 3276 510 3315 sont
536 3269 767 3333 imputet-3
787 3282 886 3332 par
915 3265 963 3314 la
972 3267 1154 3331 justice
1226 3282 1326 3331 par
1353 3265 1419 3314 les
1448 3268 1639 3314 marites
1662 3269 1837 3332 infinie
1856 3268 1918 3316 de
1942 3267 2252 3321 I'Innocenee

143 3347 357 3395 eternelle
376 3385 394 3406 ‚
426 3365 618 3414 poterim
645 3347 763 3413 qu’il
801 3349 875 3395 ait
900 3347 1045 3396 voulu
1063 3385 1078 3410 ‚
1110 3355 1155 3395 et
1229 3363 1329 3412 par
1340 3347 1614 3412 excellence,
1628 3348 2020 3399 walemir-omont
2037 3351 2250 3401 immolbe

141 3427 260 3493 qu’il
291 3446 338 3476 se
363 3431 451 3477 soit
479 3430 632 3478 reuda
663 3431 808 3496 diqne
851 3429 910 3478 de
937 3439 1050 3477 cette
1075 3433 1152 3477 νὲ-
1227 3445 1358 3494 pour
1389 3429 1506 3478 lui!

142 3509 421 3559 οονεὲὒὶἰὶἰό.
442 3509 542 3559 Nos
553 3511 702 3575 freres
715 3515 903 3577 separes
927 3525 1056 3559 nous(
1069 3518 1154 3559 ont
1302 3512 1376 3575 (l)
1406 3511 1485 3560 sie
1514 3515 1644 3561 enim
1670 3511 1830 3560 scribit
1855 3509 1904 3561 S.
1937 3513 2244 3575 Ambrosius,

142 3596 343 3640 contest&
367 3609 418 3640 ce
438 3593 664 3659 principe
680 3631 694 3654 ,
721 3610 901 3642 comme
925 3594 972 3640 si
1004 3592 1050 3640 la
1072 3597 1148 3640 re·
1230 3589 1302 3640 De
1327 3592 1628 3642 Paem'temia
1648 3629 1662 3653 ,
1678 3592 1763 3642 lib.
1785 3610 1833 3655 1,
1856 3611 1959 3660 cap.
1994 3593 2072 3654 15,
2091 3611 2143 3645 n.
2158 3595 2243 3656 80,

141 3672 384 3740 demption
431 3672 573 3738 qu'ils
614 3673 812 3724 adorent
853 3689 966 3725 aveo
1017 3688 1140 3724 nou-5
1230 3668 1424 3749 loquens
1458 3675 1517 3724 de
1542 3677 1713 3725 incesto
1754 3675 1836 3726 illo
1858 3676 2098 3727 Corinthio
2117 3713 2133 3741 9
2169 3678 2245 3726 cui
