2612 4146
350 177 427 237 38
963 199 1284 236 rasurarus
1330 198 1397 233 na
1446 199 1858 239 manicemus.

429 343 531 404 73.
584 343 671 402 Ad
706 343 827 417 7¹¹¹,
877 341 1026 420 Ney.
1071 338 1373 421 Siquidem
1415 362 1722 424 nunquam
1771 345 2097 405 docuerunt
2148 346 2427 407 Catholici
2456 394 2472 423 a

300 485 302 487 »
350 438 789 521 ΜΒΓῐΥΙῈΒΡΙιιε
812 447 1001 495 morte
1017 457 1119 494 sua
1134 437 1474 517 praestitisse
1497 459 1562 496 ac
1581 445 1820 500 meritos
1847 464 1985 516 esse,
2012 464 2188 523 quam
2206 442 2316 502 sibi
2334 466 2478 526 opus

348 548 534 611 esset3
566 535 668 595 sed
693 533 881 593 solum
906 531 1039 613 plus
1068 531 1369 591 interdum
1393 537 1744 613 satisfecisse
1771 559 1872 597 seu
1894 537 2154 613 solvisse,
2187 560 2365 620 quam
2384 561 2476 599 eo-

350 654 483 695 rum
517 641 749 713 peccata
791 626 984 709 quoad
1021 649 1262 710 poenam
1304 629 1687 710 temporalem
1722 646 2121 713 exposcerent.
2161 637 2483 716 Nunquam

350 741 635 813 praeterea
692 724 1056 798 docuerunt,
1112 745 1317 783 eorum
1371 725 1713 804 sanguinem
1776 733 2154 788 commisceri
2206 730 2484 809 Sanguini

353 824 611 898 Christi,
655 832 715 882 et
755 842 830 881 ex
870 830 1121 900 utroque
1165 821 1507 881 thesaurum
1544 823 1809 884 Ecclesiae
1847 823 2086 900 confici,
2139 827 2242 887 sed
2279 850 2485 887 eorum

353 919 773 980 satisfactiones
803 937 875 976 ex
912 916 1128 976 Christi
1155 918 1378 976 meritis
1416 917 1540 979 vim
1571 918 1805 979 haurire
1825 965 1841 994 ‚
1879 931 2009 979 tum
2042 932 2109 979 ut
2133 943 2270 982 vere
2292 922 2488 984 solve-

353 1027 491 1078 rent
525 1037 633 1096 pro
664 1012 877 1073 debitis
907 1013 1159 1094 propriis
1199 1024 1259 1072 et
1291 1012 1527 1091 alieniS‚
1564 1026 1694 1074 tum
1720 1027 1787 1074 ut
1824 1015 1995 1075 nobis
2033 1015 2338 1078 obtineant
2372 1041 2491 1101 ap-

353 1114 733 1199 plicationem
750 1106 1211 1170 satisfactionum
1228 1108 1446 1168 Christi
1461 1155 1476 1185 ,
1503 1111 1749 1192 perinde
1761 1132 1826 1171 ac
1842 1124 2059 1172 nostrae
2073 1114 2491 1175 satisfactiones

359 1234 432 1273 ex
462 1208 679 1270 Christi
717 1205 900 1287 gratia
930 1226 1061 1264 eam
1098 1205 1222 1265 vim
1256 1204 1512 1282 habent,
1551 1217 1617 1265 ut
1651 1228 1788 1267 vere
1816 1208 2233 1268 satisfaciamus
2255 1255 2271 1285 a
2316 1222 2492 1292 atque

358 1318 427 1367 ut
452 1304 623 1365 nobis
663 1301 1025 1384 applicemus
1061 1301 1325 1379 ejusdem
1352 1301 1570 1361 Christi
1608 1303 1849 1378 merita3
1889 1304 2009 1363 imo
2046 1304 2261 1363 minori
2298 1305 2494 1365 adhuc

361 1403 423 1465 vi
456 1400 685 1484 pollent
720 1397 1141 1457 satisfactiones
1171 1397 1548 1474 Sanctorum,
1588 1419 1768 1480 quam
1796 1411 2031 1459 nostrae.
2060 1401 2288 1460 Nostrae
2313 1401 2496 1482 siqui·-

365 1498 504 1558 dem
542 1498 610 1554 de
645 1495 940 1573 condiqno
978 1492 1041 1552 id
1078 1492 1377 1567 efficiunt,
1425 1493 1472 1552 si
1502 1495 1647 1572 justi
1682 1495 1895 1570 simus,
1931 1516 2032 1555 seu
2067 1518 2175 1577 pro
2215 1494 2384 1554 nobis
2425 1497 2496 1555 de

361 1594 653 1670 condigno
676 1611 812 1651 vere
838 1610 1136 1665 meremur
1161 1599 1221 1648 et
1247 1589 1665 1667 satisfacimus;
1691 1602 1892 1650 contra
1917 1613 2057 1652 vero
2079 1592 2497 1650 satisfactiones

361 1692 708 1749 Sanctorum
734 1686 970 1744 nonnisi
1001 1685 1070 1742 de
1095 1705 1357 1764 conqruo
1371 1706 1480 1766 pro
1497 1684 1666 1743 nobis
1684 1686 1745 1743 id
1768 1697 2066 1767 praestant.
2100 1688 2268 1745 Patet
2293 1686 2494 1766 igitur,

364 1783 649 1864 ejusmodi
680 1781 1050 1840 difficultates
1086 1780 1493 1839 haereticorum
1513 1825 1529 1854 ,
1548 1781 1593 1839 si
1612 1780 1687 1839 ad
1713 1802 2052 1860 germanam
2076 1780 2371 1841 catholicae
2400 1780 2499 1840 do-

367 1881 569 1940 ctrinae
593 1879 897 1937 notionem
919 1876 1226 1956 exigantur
1247 1920 1263 1951 .,
1292 1897 1529 1958 prorsus
1556 1897 1924 1937 evanescere.
1948 1878 2160 1935 Mirum
2186 1887 2498 1959 propterea

363 1988 451 2038 est
479 2021 495 2051 ,
538 1986 799 2034 auctores
834 1971 1146 2032 catholicos
1179 1970 1416 2030 easdem
1453 1970 1770 2031 obtrudere
1797 1993 1861 2031 ac
1893 1994 2132 2053 urgere7
2162 1974 2242 2032 ita
2284 1984 2349 2031 ut
2377 1994 2499 2032 non

364 2082 681 2135 vereantur
708 2091 844 2130 cum
881 2067 1168 2129 haereticis
1193 2088 1430 2132 causam
1458 2088 1838 2129 communem
1863 2090 2033 2149 agere
2060 2069 2170 2151 (1).

368 2310 475 2340 rum
491 2293 584 2340 vim
604 2290 847 2338 obtinendi
867 2289 1003 2337 nobis
1031 2287 1390 2353 applicationem

369 2376 638 2422 meritorum
666 2371 853 2420 Christi.
894 2367 1036 2435 Bajus
1080 2371 1206 2418 enim
1242 2371 1293 2417 in
1338 2386 1392 2417 eo

370 2457 558 2514 erravit,
586 2455 712 2521 quod
735 2471 924 2502 omnem
942 2490 956 2512 ‚
978 2463 1029 2500 ut
1053 2462 1250 2511 vocant,
1273 2467 1387 2500 con-

368 2537 652 2602 dignitatem
688 2538 738 2584 in
776 2534 1165 2584 satisfactionibus
1198 2533 1392 2582 Sancto-

371 2638 478 2669 rum
508 2620 831 2683 denegaverit,
852 2628 1000 2666 ortam
1016 2628 1114 2665 tum
1133 2635 1186 2665 ex
1217 2623 1396 2666 natura

373 2703 523 2767 operis
539 2737 553 2759 ‚
576 2711 675 2748 tum
693 2718 748 2748 ex
767 2701 1079 2765 acceptatione
1097 2701 1268 2750 divina.
1291 2698 1392 2749 Cfr.

371 2785 498 2833 idem
524 2793 683 2831 auctor
701 2782 824 2832 ibid.
848 2782 1068 2830 Attamen
1097 2782 1204 2830 addi
1221 2782 1359 2830 debet
1378 2819 1391 2842 ,

373 2866 708 2914 satisfactiones
766 2863 1044 2913 Sanctorum
1101 2881 1156 2912 ex
1221 2865 1396 2912 meritis

374 2946 546 2997 Christi
573 2957 790 3012 praeterea
817 2948 916 2996 vim
942 2945 1115 2994 habere
1141 2944 1397 2994 solutionis

377 3029 520 3079 debiti
545 3066 559 3090 ‚
594 3046 703 3078 cum
737 3029 841 3077 talis
872 3030 930 3076 sit
956 3046 1087 3076 mens
1109 3028 1246 3078 Rom.
1271 3027 1395 3076 Pon·

377 3113 560 3161 tificum
580 3114 632 3160 in
649 3112 958 3177 applicatione
981 3111 1218 3173 thesauri,
1242 3119 1286 3160 et
1300 3128 1397 3159 non

377 3195 731 3260 impetrationis
759 3204 963 3244 tantum.

448 3275 520 3339 (l)
559 3276 788 3326 Adversus
829 3276 1008 3325 Pereira
1059 3276 1143 3325 cfr.
1183 3276 1398 3346 §loysius

377 3355 605 3421 Cnccagni
632 3360 681 3406 in
714 3358 867 3424 suppl.
902 3359 962 3406 ad
993 3358 1283 3423 ephemerid.
1319 3375 1397 3407 ec-

377 3438 650 3487 clesiasticas
691 3440 831 3491 Rom.
875 3459 955 3490 au.
998 3455 1142 3507 1790,
1185 3440 1284 3489 obs.
1330 3456 1358 3487 2
1381 3477 1395 3500 ,

381 3539 432 3569 n.
454 3536 489 3587 9
507 3532 551 3571 et
588 3538 662 3570 ιο.
689 3521 898 3573 Moriuus
917 3561 930 3584 ‚
953 3521 1023 3572 De
1042 3525 1222 3572 Paenie.
1242 3520 1330 3572 lib.
1347 3542 1397 3584 x,

378 3621 485 3671 cap.
502 3620 530 3652 2
544 3620 560 3652 ι
575 3642 588 3664 ,
601 3604 815 3666 affirmat,
835 3610 1030 3672 primam
1048 3608 1246 3657 thesauri
1263 3623 1398 3654 men-

378 3689 554 3738 tionem
591 3687 767 3738 offendi
800 3691 924 3756 apud
961 3692 1275 3743 Alexandrum
1304 3688 1399 3739 Ha-

1478 2285 1598 2335 lens.
1621 2297 1668 2336 et
1685 2287 1929 2336 Albertum
1962 2288 2030 2336 Μ.
2064 2288 2238 2337 Verum
2266 2307 2351 2337 nos
2388 2307 2502 2338 con-

1480 2366 1678 2416 trarium
1712 2371 2019 2419 ostendimus„
2044 2369 2179 2435 Quod
2208 2373 2411 2437 primum
2428 2373 2503 2420 in-

1482 2453 1668 2500 venitur
1684 2451 1807 2516 apud
1822 2452 2116 2501 scholasticos
2139 2491 2152 2511 ‚
2171 2463 2236 2501 est
2251 2454 2496 2519 applicatio

1478 2530 1679 2599 juridica
1721 2534 1939 2600 explicita
1989 2535 2194 2584 thesauri
2229 2554 2308 2602 per
2356 2537 2504 2585 claves

1481 2615 1727 2675 Ecclesiae,
1761 2633 1866 2683 quae
1891 2619 2184 2683 potissimum
2214 2636 2266 2667 eo
2298 2629 2504 2684 tempore

1481 2698 1705 2758 obtinuit,
1722 2717 1818 2765 quo
1832 2702 2110 2764 poenitentiae
2123 2702 2371 2761 canonicae,
2389 2704 2502 2765 qui-

1481 2781 1568 2829 bus
1599 2782 1757 2830 fideles
1789 2782 2002 2830 debitum
2033 2799 2171 2829 suum
2205 2781 2303 2830 Deo
2329 2781 2503 2846 persol-

1480 2862 1668 2922 vebant,
1689 2877 1861 2911 cessare
1875 2872 2132 2927 coeperunt.
2147 2862 2195 2910 Si
2208 2864 2335 2911 enim
2352 2862 2506 2911 Eccle-

1481 2947 1547 2994 sia
1563 2945 1804 2994 liberasset
1819 2945 1979 2993 fideles
1996 2963 2020 2993 a
2042 2963 2181 3010 penso
2200 2946 2504 3010 persolvendo

1482 3028 1760 3092 poenitentiae
1787 3028 2041 3090 canonicae,
2078 3045 2176 3076 non
2204 3027 2503 3092 subrogando

1481 3128 1535 3158 ex
1560 3110 1771 3159 thesauro
1804 3109 2172 3158 satisfactionum
2202 3127 2300 3158 eam
2327 3121 2504 3176 partem

1481 3208 1585 3261 quae
1625 3191 1923 3258 responderet
1955 3194 2164 3243 relaxatas
2195 3196 2496 3259 peanitentiae,

1481 3276 1710 3344 ejusmodi
1728 3277 1945 3326 relaxatio
1968 3278 2173 3325 cessisset
2200 3279 2248 3324 in
2277 3276 2504 3325 damnum

1483 3360 1755 3410 eorumdem
1797 3360 2007 3408 fidelium
2043 3397 2056 3418 ‚

1482 3459 1641 3507 poenas
1672 3444 1868 3506 peccatis
1903 3444 1996 3489 suis
2027 3442 2207 3490 debitas
2252 3440 2503 3506 rependere

1482 3526 1533 3572 in
1556 3525 1699 3572 altera
1730 3525 1843 3572 vita.
1874 3523 1960 3572 Cfr
1993 3524 2153 3572 Petrus
2181 3523 2455 3572 Ballerinius
2488 3556 2502 3582 ‚

1484 3605 1730 3667 Proelect.‚
1750 3624 1805 3655 ιιι
1830 3608 1912 3655 cit.
1934 3624 2041 3672 cap.
2069 3605 2121 3669 5,
2136 3626 2188 3656 n.
2219 3603 2285 3655 28
2298 3615 2345 3655 et
2365 3621 2501 3669 seqq.

1484 3691 1700 3740 Ceterum
1728 3691 1766 3742 ,si
1806 3706 1903 3738 rem
1923 3699 2184 3754 spectemus
2203 3727 2218 3751 ‚
2247 3698 2422 3738 certum
2440 3694 2508 3734 est

2110 3362 2192 3424 qui
2233 3359 2504 3408 debuissent
