2508 4120
2089 210 2206 267 151*

546 230 666 267 CAP.
715 230 772 269 V·
821 231 888 266 DE
931 229 1211 267 CAELIBATU
1253 229 1762 268 ECCLESIAST.‚ETC.

110 375 242 443 tite,
302 371 401 450 qui
444 370 594 429 clero
629 392 731 428 suo
778 370 962 449 legem
1006 371 1280 430 castitatis
1326 371 1602 452 imposuit
1642 371 1766 452 (l),
1816 372 2028 430 frustra
2065 393 2199 433 eum

108 465 448 524 dehortante
469 466 525 522 S.
559 465 828 543 Dionysio
858 466 1289 524 Corinthiorum
1325 467 1615 548 Episcopo,
1649 467 1888 524 Constat
1923 478 2202 548 praeterea

108 581 178 619 ex
205 558 472 617 Conciliis
498 561 934 618 Neocaesariensi
961 570 1018 618 et
1038 562 1362 639 Ancyranm
1392 561 1659 618 eamdem
1675 559 1861 637 legem
1878 561 1938 618 in
1966 563 2202 620 Pontica

107 655 339 713 dioecesi
384 654 758 713 constitutam
803 655 970 714 fuisse
1030 654 1158 732 (2),
1208 675 1316 712 nec
1356 675 1496 730 ‘non
1543 675 1649 735 per
1692 655 2158 728 Thessalonicam
2184 703 2200 731 .,

107 748 505 807 Macedoniam
572 760 629 806 et
681 749 949 826 AchaJam
978 793 994 821 a
1043 759 1111 806 ut
1158 747 1337 806 refert
1384 748 1644 807 Socrates
1683 748 1796 828 (3).
1852 751 2022 823 Quod
2062 772 2201 811 vero

106 853 324 924 spectat
345 841 418 899 ad
448 842 754 902 Ecclesiam
782 841 1227 901 Alexandrinam
1248 886 1264 916 ‚
1290 840 1436 899 illud
1461 852 1684 901 certum
1707 854 1794 900 est
1811 886 1828 916 s
1864 846 1920 903 S.
1948 847 2206 904 Marcum

107 937 473 995 continentiae
515 937 702 1016 legem
745 934 1312 995 suis‘successoribus
1354 935 1538 995 veluti
1586 934 2013 997 haereditariam
2060 941 2198 999 reli—

107 1032 295 1111 quisse
325 1031 433 1109 (4).
474 1031 689 1090 Eadem
721 1028 902 1109 viguit
934 1030 1029 1090 lex
1073 1031 1135 1088 in
1171 1029 1530 1089 Antiocheno
1558 1031 1952 1110 patriarchatu
1975 1079 1990 1107 3
2029 1046 2206 1115 atque

109 1137 273 1183 aetate
291 1127 348 1183 S.
369 1125 670 1206 Epiphanii
695 1145 801 1205 per
821 1125 1155 1185 universam
1178 1127 1434 1206 Cyprum
1456 1136 1684 1206 recepta
1715 1126 1823 1183 fuit
1851 1126 1963 1205 (5).
1997 1129 2202 1188 Postea

105 1242 244 1279 vero
271 1221 484 1279 factum
504 1231 618 1293 est,
648 1231 715 1277 ut
742 1218 929 1277 clerici
944 1220 1002 1278 in
1025 1219 1137 1278 illis
1166 1221 1480 1302 provinciis
1510 1243 1541 1278 a
1571 1222 1859 1301 primaevae
1889 1222 2202 1304 disciplinae

103 1318 355 1395 puritate
393 1314 726 1375 disciverint
751 1359 766 1386 ,
811 1326 985 1395 atque
1028 1316 1100 1374 ad
1148 1315 1336 1373 solum
1380 1316 1784 1397 Episcopatum
1834 1317 2058 1377 caelibes
2110 1319 2204 1378 vel

106 1411 497 1483 continenteS‚
535 1420 600 1466 ut
628 1407 948 1489 plurimum
975 1430 1006 1467 e
1036 1410 1333 1468 monachis
1361 1409 1529 1469 electi
1549 1456 1564 1485 7
1596 1425 2100 1492 promoverentur.
2132 1415 2206 1472 At

104 1524 242 1561 vero
276 1502 511 1583 reliquis
548 1502 766 1562 clericis
804 1504 1115 1581 majoribus
1143 1506 1445 1583 integrum
1467 1506 1576 1563 fuit
1608 1528 1815 1566 uxores
1837 1553 1853 1581 ,
1890 1529 2030 1588 quas
2069 1520 2205 1568 ante

101 1599 306 1656 initam
331 1598 776 1657 Ordinationem
805 1600 1122 1674 duxerant,
1152 1601 1407 1658 retinere
1429 1645 1445 1673 ,
1473 1601 1558 1657 1111
1580 1612 1781 1680 postea
1802 1603 2086 1660 sancitum
2115 1615 2206 1663 est

104 1714 208 1773 per
229 1714 479 1752 canones
503 1692 826 1752 TrullanoS.
849 1693 936 1753 Ad
955 1693 1201 1753 Ordines
1222 1715 1360 1753 vero
1386 1694 1703 1753 Diaconatu
1721 1696 2019 1756 inferiores
2048 1698 2207 1778 quod

107 1800 358 1868 spectat,
402 1789 560 1848 varia
605 1790 862 1870 primum
903 1789 1013 1847 fuit
1056 1789 1425 1848 ecclesiarum
1473 1789 1775 1870 disciplina
1816 1790 1943 1870 (6),
1993 1791 2206 1852 deinde

104 1903 243 1942 vero
272 1885 334 1941 in
363 1883 607 1942 Ecclesia
630 1884 832 1944 Latina
866 1883 1202 1943 subdiaconi
1235 1895 1467 1942 tantum
1495 1885 1873 1943 continentiae
1897 1885 2021 1964 lege
2055 1886 2205 1945 obli-

104 1979 215 2054 gati
244 1989 398 2036 sunt.

190 2073 322 2130 158.
374 2074 450 2131 Ex
488 2075 554 2131 iis
583 2074 792 2152 igitur,
836 2095 963 2155 quae
994 2073 1289 2155 hucusque
1321 2074 1731 2146 disseruimUS‚
1778 2085 2004 2133 constat
2042 2076 2206 2135 lucu-

104 2166 458 2243 lentissime,
497 2163 867 2228 continentiae
911 2170 1132 2249 legem,
1181 2170 1353 2227 sacris
1398 2170 1676 2227 ministris
1728 2170 2098 2250 impositam,
2140 2172 2203 2229 in
2243 2230 2247 2234 ,

172 2330 238 2394 (l)
274 2330 369 2378 Cfr.
405 2331 597 2396 Lupus,
631 2331 743 2381 diss.
769 2335 852 2382 cit.
896 2351 999 2399 cap.
1035 2347 1080 2381 1.

173 2411 240 2474 (ᾖ)
282 2411 417 2477 Apud
447 2413 664 2479 Lupum,
694 2414 783 2462 loe.
816 2417 895 2462 cit.

174 2493 240 2555 (a)
278 2494 401 2542 lbid.

174 2572 250 2638 (4)
291 2573 410 2622 Ibid.
898 2619 901 2621 ,

173 2649 244 2718 (5)
282 2655 474 2704 HaereS.
512 2672 584 2703 nx
607 2693 621 2714 ‚
659 2653 847 2719 cap.4,
896 2656 1006 2704 edit.
1032 2656 1118 2703 Pe-

105 2749 200 2785 tav.
243 2737 349 2784 Post
382 2747 443 2785 tot
471 2738 749 2785 documenta
773 2773 786 2795 ‚
822 2754 921 2801 quae
945 2736 1137 2784 invicte

107 2820 375 2878 ostendunt,
406 2837 583 2883 semper
614 2822 806 2882 viguisse
837 2822 886 2866 111
918 2819 1120 2868 Ecclesia

109 2901 378 2949 occidentali
432 2901 578 2966 legem
624 2903 918 2948 coutinentiae
966 2902 1120 2966 quoad

110 2982 299 3030 clericos
333 2987 531 3049 majores
549 3021 562 3043 ‚
608 2989 711 3049 quis
740 3002 946 3049 unquam
971 2987 1119 3049 suspi-

114 3071 240 3109 catus
254 3070 384 3124 csset,
403 3065 658 3125 hominem,
677 3067 758 3130 qui
771 3067 935 3113 criticae
947 3066 1115 3128 studet,

116 3144 312 3204 potuisse
355 3144 580 3195 affirmare
629 3156 758 3194 aetate
796 3147 885 3194 hac
925 3157 1078 3195 nostra
1101 3186 1114 3205 ‚

119 3224 302 3271 nonnisi
345 3226 436 3274 sec.
473 3245 520 3276 xi
552 3246 577 3275 a
617 3228 837 3292 Gregorio
881 3245 944 3276 vn
971 3228 1116 3294 legem

117 3304 240 3351 hanc
256 3307 453 3368 primum
468 3309 611 3357 fuisse
625 3310 886 3357 inductam?
904 3309 1117 3360 Attamen

120 3384 278 3434 Ranke
297 3422 312 3443 ‚
338 3389 387 3433 in
403 3394 573 3453 op.cit.
596 3401 710 3438 tom.
732 3408 747 3437 1
773 3429 785 3450 ‚
816 3391 901 3438 lib.
933 3390 1023 3457 1,§
1046 3394 1073 3441 3
1101 3433 1114 3451 ‚

119 3485 221 3530 pag.
257 3469 317 3515 52
342 3506 354 3527 ‚
386 3469 467 3516 ubi
484 3470 688 3536 loquitur
713 3472 769 3520 de
790 3471 1004 3537 Gregorio
1032 3492 1114 3534 vn,

121 3550 276 3597 scribit
314 3568 327 3597 :
369 3548 454 3597 En
486 3553 814 3602 introduisant
843 3554 882 3600 16
910 3554 1083 3603 celihat
1102 3594 1116 3612 „

120 3631 179 3677 ils
206 3631 460 3694 (Pontifices
485 3633 797 3699 Benedictini)
835 3635 1121 3702 changeio-ent

122 3720 219 3759 tout
248 3712 288 3760 16
320 3714 466 3778 616196
508 3714 706 3764 seculier
743 3733 801 3763 en
843 3734 936 3765 une
965 3722 1121 3786 espace

1192 2331 1381 2381 d'ordre
1410 2332 1644 2382 monacal.
1672 2332 1732 2381 At
1755 2334 1845 2381 1106
1876 2351 1973 2381 11011
2003 2343 2070 2381 est
2093 2335 2203 2380 uni-

1194 2433 1301 2463 cum
1326 2415 1624 2480 splendidum
1640 2418 1878 2479 imperitias
1893 2415 2033 2479 hujus
2051 2425 2206 2462 aucto-

1194 2500 1256 2544 ris
1272 2499 1562 2560 protestantis
1579 2495 1885 2544 Berolinensis
1904 2498 1954 2542 in
1974 2495 2206 2543 ecclesias—

1197 2580 1286 2625 tica
1332 2579 1521 2624 historia
1564 2580 1882 2625 testimonum.
1928 2577 2066 2625 Plura
2117 2579 2205 2625 alia

1198 2658 1335 2705 facile
1376 2658 1527 2705 afferri
1570 2668 1755 2722 possent
1780 2695 1794 2718 ‚
1822 2676 1926 2724 quae
1967 2659 2205 2706 hominem

1200 2741 1403 2805 produnt
1448 2751 1688 2789 versutum
1721 2776 1735 2803 ‚
1771 2742 2120 2790 fraudulentum
2163 2752 2208 2790 et

1200 2833 1410 2887 apertum
1439 2823 1532 2871 fere
1562 2825 1945 2874 calumniatorem
1972 2825 2207 2873 Romano-

1199 2921 1303 2951 rum
1331 2904 1619 2954 Pontificum.
1648 2906 1823 2972 Scopus
1851 2908 1993 2974 hujus
2021 2910 2209 2972 scripto-

1199 2989 1259 3035 ris
1275 2997 1343 3035 est
1361 2998 1507 3037 texere
1521 2988 1784 3054 apologiam
1809 2993 2162 3054 protestantismi
2182 3028 2196 3049 ‚

1199 3088 1339 3135 quem
1368 3081 1421 3117 ut
1448 3071 1677 3131 obtineat,
1698 3072 1839 3120 nullis
1853 3073 2027 3119 artibus
2043 3075 2204 3136 parcit,

1199 3161 1338 3217 atque
1355 3152 1436 3199 ubi
1455 3169 1568 3215 opus
1592 3163 1659 3202 est
1682 3191 1695 3209 ,
1717 3155 1883 3218 apertis
1908 3157 2051 3201 utitur
2074 3170 2206 3200 men-

1197 3233 1356 3280 daciis.
1374 3233 1454 3281 Ast
1468 3234 1564 3282 haec
1589 3235 1755 3299 effugia
1772 3234 1975 3283 seculum
1999 3243 2208 3282 nostrum

1198 3331 1292 3362 non
1326 3316 1522 3379 amplius
1550 3318 1780 3375 admittit,
1809 3324 1854 3362 et
1876 3325 2028 3362 texere
2052 3316 2207 3378 apolo-

1198 3398 1318 3460 giam
1352 3396 1543 3445 absurdi
1564 3397 1916 3463 protestantismi
1934 3406 2000 3445 est
2019 3396 2206 3446 laterem

1194 3481 1366 3528 lavare.

1271 3558 1342 3624 (6)
1397 3559 1500 3610 Csr.
1548 3559 1878 3608 Thomassinus
1905 3595 1920 3621 ,
1972 3559 2064 3609 106.
2126 3562 2203 3607 611.

1202 3659 1298 3707 cap.
1329 3640 1388 3688 61
1411 3679 1425 3699 ‚
1444 3659 1493 3687 n.
1530 3656 1572 3687 1.
