2508 4120
2113 153 2228 214 373

619 176 739 215 CAP.
782 173 867 214 tv.
913 174 982 211 ΒΕ
1025 170 1398 213 MATRIMOMIS
1441 173 1647 213 mlxrm.

204 318 321 378 287
334 364 345 377 .
396 319 464 376 Et
500 338 638 378 sane
661 363 676 392 ,
703 315 970 398 quamvis
1006 315 1255 393 graviter
1290 326 1544 397 utroque
1559 320 1690 396 jure
1714 315 1970 376 naturali
2000 326 2059 376 et
2080 317 2232 398 posi·

128 414 248 472 tivo
280 414 477 472 divino
509 412 835 495 improbata
862 410 1078 468 fuerint
1100 409 1387 468 connubia
1420 411 1801 471 Hebraeorum
1823 433 1956 470 cum
1974 411 2228 471 infideli-

123 506 268 582 hus7
314 508 694 567 nihilominus
735 504 893 564 haud
926 505 1094 586 pauci
1140 505 1481 563 sanctissimi
1526 507 1634 565 viri
1675 528 1740 566 ac
1779 507 2049 566 mulieres
2092 527 2226 565 cum

126 603 457 662 infidelibus
491 601 780 661 connubia
821 610 1271 671 contraxerunt,
1312 598 1469 678 quod
1515 600 1780 659 fecerunt
1813 602 1968 660 inter
2007 612 2226 660 ceteros

125 697 335 756 Esther
363 717 498 754 cum
529 699 771 757 Assuero
791 740 808 769 ,
863 696 1009 754 Booz
1041 713 1185 750 cum·
1213 692 1370 750 Ruth
1404 694 1749 767 Moabitide,
1785 694 2059 754 Salomon
2092 717 2227 754 cum

121 790 385 872 pluribus
419 790 754 869 alienigenis
775 834 791 863 ,
828 789 961 869 qui,
995 787 1104 845 nisi
1126 807 1327 868 passus
1366 799 1518 846 esset
1559 788 1756 847 sed'uci
1786 787 2083 849 corsuum
2108 835 2124 864 ,
2163 791 2225 848 in

123 883 639 965 reprehensionem
673 905 795 942 non
828 881 1162 941 incurrisset
1183 927 1198 954 .,
1239 893 1412 961 prout
1444 903 1555 942 nec
1587 882 1683 941 alii
1721 885 1988 943 recensiti
2026 906 2228 967 repre-

120 977 290 1037 hensi
315 978 525 1038 idcirco
547 999 579 1036 a
603 980 722 1036 Deo
753 978 1010 1036 fuerunt.
1040 974 1257 1034 Eadem
1284 997 1457 1056 porro
1482 978 1630 1036 ratio
1672 977 2060 1060 adstipulatur
2083 1001 2227 1038 con·

115 1074 287 1152 jugiis
320 1072 746 1132 Catholicorum
783 1093 915 1130 cum
945 1069 1273 1130 acatholicis
1300 1116 1316 1145 ,
1351 1071 1398 1129 si
1435 1070 1586 1130 absit
1623 1072 1976 1152 periculum,
2004 1067 2068 1133 et
2088 1095 2229 1153 gra-

123 1169 372 1228 vissimaev
394 1189 572 1227 causae
595 1166 750 1226 idem
773 1167 1026 1246 exigant.
1055 1166 1205 1224 Hinc
1236 1166 1408 1224 etiam
1429 1167 1490 1223 in
1508 1166 1814 1226 annalibus
1840 1168 2228 1228 ecclesiasticis

122 1263 321 1346 plures
351 1251 669 1346 reperimus
706 1264 1004 1344 utriusque
1031 1283 1198 1320 sexus
1226 1260 1583 1337 Catholicos‚
1626 1263 1725 1343 qui
1760 1274 1889 1321 tum
1923 1284 2057 1322 cum
2092 1264 2229 1322 infi-

121 1357 345 1417 delibus
369 1370 495 1418 tum
519 1380 650 1418 cum
666 1358 943 1417 haereticis
966 1357 1249 1415 miscuere
1275 1355 1565 1415 connubia
1586 1402 1602 1430 ‚
1629 1378 1719 1418 ex.
1749 1381 1835 1438 gr.
1869 1360 2229 1418 S.Monicam

123 1475 256 1513 cum
273 1455 514 1513 Patritio
530 1453 762 1513 ethnico
783 1498 799 1527 7
829 1451 1155 1534 lngu'ndem
1173 1472 1307 1509 cum
1323 1451 1772 1530 Hermenegildo
1793 1452 1983 1511 adhuc
2006 1453 2228 1526 arian03

122 1547 492 1626 Ringundem
524 1554 656 1606 cum
689 1546 1014 1606 Reccaredo
1048 1547 1266 1625 pariter
1295 1546 1515 1621 ariano,
1560 1545 1928 1624 Sigebertum
1955 1555 2017 1606 'et
2058 1547 2231 1605 Chil-

123 1643 383 1724 pericum
420 1644 773 1702 Francorum
810 1661 972 1719 reges
996 1684 1012 1712 ,
1051 1640 1153 1719 qui
1182 1639 1492 1697 'duxerunt
1520 1638 1957 1699 Brunichildem
1991 1649 2050 1699 et
2091 1639 2232 1699 Gal-

119 1736 417 1795 suintham
453 1736 596 1794 filias
632 1734 1007 1814 Athanagildi
1037 1733 1452 1814 Hispaniarum
1483 1733 1665 1792 ariani
1692 1734 1840 1812 regis
1865 1732 1983 1814 (l).

203 1830 344 1889 288.
392 1830 586 1906 Quare
623 1850 742 1887 non
780 1850 912 1887 raro
955 1830 1123 1886 Rom.
1166 1827 1473 1885 Pontifices
1515 1826 1966 1908 dispensarunt,
2006 1839 2073 1886 ut
2105 1828 2230 1889 haec

120 1924 379 2002 conjugia
395 1924 546 1983 licite
561 1922 1009 1982 celebrarentur.
1029 1922 1137 1997 Sic,
1156 1932 1222 1978 ut
1237 1930 1456 1979 ceteros
1473 1920 2042 1995 omittam‚Clemens
2066 1924 2195 1981 VIII
2202 1968 2220 1998 .,

121 2017 257 2077 licet
283 2038 430 2098 aegre
451 2062 468 2093 ἦ
507 2017 863 2099 dispensavit
890 2028 1090 2074 tamen
1126 2023 1258 2074 cum
1289 2014 1434 2073 duce
1463 2015 1696 2074 Barensi
1716 2059 1732 2088 .‚
1762 2026 1828 2073 ut
1853 2015 2228 2077 Catharinam

116 2113 357 2172 Henrici.
385 2114 455 2170 IV
492 2111 690 2171 Galliae
727 2112 877 2190 regis
910 2130 1165 2170 sororem
1210 2108 1543 2168 haereticam
1580 2107 1818 2168 duceret
1863 2110 1995 2188 (2)3
2035 2110 2228 2170 Urba—

115 2226 228 2267 nus
267 2207 393 2264 VIII
414 2251 430 2281 ,
459 2217 526 2264 ut
565 2205 834 2265 Henricia
865 2204 1143 2263 'Ludovici
1173 2204 1306 2261 XIII
1341 2224 1502 2261 soror
1533 2202 1784 2261 nuberet
1815 2203 2019 2263 Carolo
2051 2206 2076 2263 I
2106 2207 2231 2264 An-

117 2301 343 2381 glorum
373 2301 491 2380 regi
524 2300 643 2380 (3);
685 2301 763 2358 sic
798 2299 894 2358 alii
930 2299 1235 2357 Pontifices
1267 2297 1482 2378 passim
1510 2298 1574 2354 in
1606 2297 1916 2356 Germania
1935 2343 1952 2372 ,
1984 2298 2187 2378 Anglia
2207 2344 2224 2375 ‚

118 2395 431 2457 Hollandia
455 2439 470 2468 ‚
512 2406 613 2453 aut
646 2393 985 2454 immediate
1023 2414 1130 2473 per
1167 2413 1227 2451 se
1249 2436 1264 2466 ,
1307 2401 1409 2450 aut
1447 2389 1725 2449 facultate
1766 2392 2057 2473 Episcopis
2090 2413 2227 2474 spe-

191 2588 257 2649 (1)
294 2585 393 2634 cfr.
423 2585 649 2646 Pontius,
678 2601 752 2649 ep.
786 2594 828 2632 et
858 2583 950 2631 loc.
976 2585 1051 2631 cit.

192 2669 263 2731 (⁰2)
295 2668 406 2716 Haec
431 2678 579 2715 tamen
615 2667 889 2732 dispensatio
911 2702 925 2725 ‚
952 2667 1126 2729 impor-

120 2752 243 2798 tunis
280 2760 420 2814 atque
460 2752 630 2797 iteratis
664 2748 873 2813 precibus
918 2735 1141 2804 extortas

1208 2588 1395 2646 posset,
1434 2590 1479 2630 e't
1522 2598 1676 2631 secum
1694 2580 1893 2631 Londini
1923 2582 2092 2632 habere
2116 2583 2228 2649 Epi-

1207 2682 1397 2729 scopum
1437 2675 1481 2713 et
1508 2667 1667 2731 viginti
1710 2676 1909 2731 quatuor
1939 2667 2225 2731 sacerdotes;

1207 2748 1333 2812 quod
1365 2746 1500 2814 liberi
1545 2764 1693 2812 usque
1734 2748 1793 2795 ad
1821 2765 1900 2796 an.
1941 2746 2000 2797 15
2051 2751 2102 2796 in
2135 2748 2224 2797 Ec-

122 2849 205 2879 suo
231 2833 376 2878 caruit
402 2830 568 2878 effectu
594 2867 606 2889 ‚
638 2846 691 2877 eo
712 2830 834 2895 quod
860 2827 1128 2877 obieritCa-

121 2910 327 2971 tharim,
349 2915 614 2977 priusquam
630 2910 878 2959 Clementis
897 2911 1054 2958 litterae
1078 2911 1125 2956 in

125 2991 299 3040 Gallias
329 2994 519 3041 fuissent
541 2992 720 3040 delatae.

189 3073 259 3137 (3)
297 3073 395 3121 Cfr.
414 3074 633 3121 Binterim
655 3108 671 3132 ,
697 3090 773 3136 op.
791 3074 871 3120 cit.
901 3090 1007 3138 pag.
1033 3070 1123 3135 46,

125 3157 204 3220 qui
238 3154 477 3214 observat,
507 3154 731 3202 Jacobum
774 3152 926 3201 Caroli
954 3164 1127 3217 patrem

125 3247 172 3285 et
226 3235 512 3285 Ludovicum
558 3252 642 3284 xm
683 3245 819 3301 atque
869 3235 1127 3300 Principem

124 3321 275 3383 ipsum
292 3334 509 3382 sponsum
525 3354 539 3374 ‚
557 3334 722 3381 nempe
747 3316 963 3364 Carolum
980 3351 995 3376 ,
1013 3332 1129 3365 con-

125 3410 320 3448 tractum
351 3384 735 3447 matrimonialem
757 3401 1018 3463 juramento
1046 3400 1127 3446 fir-

125 3497 254 3529 mare
290 3480 498 3529 debuisse
524 3483 831 3528 continentem
876 3479 939 3528 30
966 3482 1126 3528 articu-

126 3564 195 3610 los
215 3600 228 3620 ‚
245 3565 367 3610 inter
384 3579 498 3628 quos
520 3562 597 3611 ille
621 3563 795 3621 aderat,
823 3562 948 3626 quod
972 3564 1138 3626 regina-

126 3645 391 3708 religionem
439 3642 705 3691 catholicam
745 3643 887 3690 libere
934 3643 1133 3706 profiteri

1207 2830 1345 2877 clesia
1379 2827 1602 2877 catholica
1625 2832 1978 2879 instituerentur
2007 2866 2022 2893 ‚
2059 2840 2104 2879 et
2130 2832 2229 2881 sine

1206 2921 1414 2975 respectu
1454 2911 1512 2959 ad
1571 2911 1835 2976 religionem
1887 2913 1938 2959 in
1986 2910 2228 2961 Gubernio

1207 2992 1472 3039 Britannico
1525 2995 1758 3056 vigentem
1804 2995 1972 3057 pariter
2003 2994 2228 3042 eamdem

1206 3076 1413 3140 profiteri
1466 3082 1668 3139 possent.
1715 3073 1940 3123 Observat
1990 3073 2229 3123 Jacobum

1209 3166 1420 3222 praeterea
1433 3158 1483 3203 in
1498 3157 1797 3221 superadditis
1814 3159 1995 3206 secretis
2024 3157 2230 3207 articulis

1208 3240 1468 3303 promisisse
1483 3239 1579 3287 fore
1598 3241 1817 3286 utstatim
1835 3249 1936 3303 post.
1959 3240 2228 3304 conjugium

1210 3321 1382 3367 initum
1396 3321 1612 3367 omnibus
1629 3321 1821 3383 captivis
1837 3319 2075 3368 catholicis
2090 3320 2232 3369 liber-

1210 3410 1278 3448 tas
1292 3401 1642 3449 concederetur.
1659 3398 1874 3448 Attamen
1893 3434 1910 3462 ‚
1946 3403 2132 3450 nonnisi
2155 3418 2230 3450 re·

1210 3481 1413 3530 luctante
1430 3482 1601 3529 nuncio
1632 3480 1884 3546 apostolico
1905 3519 1919 3543 ‚
1947 3482 2234 3531 conditiones

1211 3563 1292 3611 has
1331 3562 1395 3612 illi
1429 3578 1636 3626 posuere.
