2508 4120
297 124 415 184 390

936 134 1257 176 TRACTATUS
1301 136 1369 174 DE
1412 134 1790 174 mummolum

294 290 470 363 here,
519 304 650 367 quae
680 281 982 365 potissima
1003 326 1019 356 ,
1068 280 1191 342 sive
1222 291 1291 338 ut
1324 279 1438 339 dici
1474 278 1816 353 consuevit,
1861 278 2171 341 dominans
2207 282 2417 345 habea-

295 399 396 445 tur
423 383 535 462 (1).
574 379 750 461 Atqui
779 376 1087 438 consilium
1115 377 1225 436 hoc
1247 375 1704 436 acatholicorum
1737 395 1806 434 eo
1826 386 2082 456 spectat,
2111 386 2179 434 ut
2205 390 2421 445 sectam

295 500 461 540 suam
487 476 660 536 latius
685 473 1047 557 amplificent
1070 472 1131 531 in
1149 473 1396 532 exitium
1418 471 1714 531 catholicae
1736 471 2018 532 Ecclesiae.
2038 472 2108 530 2⁰
2132 472 2342 554 Liquet:
2352 496 2422 535 ex

294 576 563 647 luctuosa⁸
585 570 945 655 experientia
970 569 1208 628 illarum
1242 569 1546 650 regionum
1572 614 1588 643 ,
1627 568 1689 625 in
1720 566 1942 650 quibus·
1964 567 2102 627 talia
2134 566 2424 629 connubia

294 667 692 731 sanctionibus
741 665 1139 727 ecclesiasticis
1193 665 1549 747 contemptis
1620 674 1899 746 usurpata
1946 665 2165 746 passim
2211 663 2421 738 fuere3

293 790 429 828 cum
464 766 626 827 enim
663 774 837 824 antea
867 762 1053 822 solam
1092 760 1438 821 catholicam
1476 759 1655 820 fidem
1687 760 2141 842 profiterentur,
2190 758 2423 821 easdem

295 1019 574 1065 innovatum
592 1024 676 1063 est.
701 1012 808 1062 Duo
836 1013 1009 1062 etenim
1034 1008 1320 1059 obsistebant

294 1100 519 1160 maxime,
536 1107 636 1146 tum
653 1093 845 1144 Gallicae
860 1093 1154 1159 legislationis
1169 1094 1284 1140 ratio
1302 1129 1315 1152 ,

295 1197 399 1249 quae
432 1179 706 1247 conjugibus
742 1180 794 1227 in
824 1176 997 1226 sobolis
1027 1176 1325 1224 institutione

291 1263 440 1314 libero
479 1265 585 1331 jure
629 1262 697 1310 uti
739 1267 1026 1309 concesserat
1048 1296 1061 1319 ‚
1097 1267 1198 1306 tum
1233 1272 1320 1323 po-

294 1347 512 1414 pulorum
540 1348 590 1394 in
605 1346 776 1393 avitam
794 1342 1064 1408 religionem
1093 1357 1319 1407 propensa

294 1429 553 1479 admodum
580 1426 753 1478 stu‘dia.
778 1424 930 1492 Quare
966 1427 1211 1474 vicariatus
1239 1439 1321 1489 ge-

294 1512 465 1561 neralis
499 1511 777 1578 Aquisgrani
815 1508 1097 1574 encyclicam
1151 1508 1320 1571 episto-

293 1595 390 1644 lam
420 1611 545 1642 anno
576 1590 702 1640 1818
719 1629 731 1652 ,
766 1591 851 1655 24.
875 1590 973 1639 Jul.
997 1590 1123 1637 dedit
1144 1587 1202 1637 ad
1227 1588 1316 1636 cle·

295 1694 402 1726 rum
449 1678 718 1724 universum
743 1711 757 1733 ‚
804 1670 897 1737 qu'a
954 1669 1315 1742 interdicebatur

294 1760 466 1825 quaevis
495 1757 773 1805 assistentia
805 1755 1107 1804 ecclesiastica
1150 1752 1310 1799 Matri·

292 1843 447 1889 monis
466 1841 656 1897 mimis,
669 1840 757 1886 nisi
777 1839 907 1902 prius
923 1837 1076 1902 sponsi
1094 1833 1314 1900 formali-

293 1932 367 1972 ter
379 1923 571 1989 polliciti
587 1921 760 1970 fuerint
775 1956 787 1980 ‚
806 1921 1154 1968 seinstituturos
1168 1925 1313 1965 totam

297 2006 504 2057 sobolem
527 2006 704 2070 absque
719 2005 993 2070 exceptione
1015 2005 1066 2052 in
1093 2002 1314 2067 religione

293 2089 540 2139 catholica.
564 2086 747 2135 Similes
783 2085 1046 2152 encyclicas
1065 2085 1218 2132 literas
1233 2083 1317 2133 de·-

292 2173 462 2222 derunt
486 2171 727 2219 vicariatus
755 2167 1038 2215 Trevirensis
1075 2177 1121 2214 et
1148 2166 1315 2213 Mona·

289 2253 530 2302 ‘steriensis
547 2251 603 2299 ad
620 2250 795 2298 clerum
814 2265 1002 2296 suarum
1029 2247 1314 2296 dioecesium.

292 2335 508 2400 Denique
553 2342 655 2397 post
693 2334 813 2396 ipsos
849 2330 1067 2378 undecim
1117 2345 1268 2377 annos
1297 2366 1311 2389 ‚

290 2434 460 2482 nempe
493 2432 550 2481 17
579 2414 704 2480 Aug.
739 2410 898 2472 1825,
931 2411 1219 2478 promulgata
1249 2422 1315 2460 est

292 2500 526 2549 ordinatio
575 2499 723 2547 aulica
764 2497 779 2562 (
812 2497 1037 2545 Cabinets
1070 2495 1259 2560 Order)
1292 2535 1309 2554 ,

291 2601 384 2649 qua
420 2590 469 2630 1⁰
496 2583 645 2647 praxis
670 2582 920 2629 conformis
950 2581 1044 2645 juri
1063 2581 1306 2640 canonico,

296 2678 401 2731 quae
425 2664 485 2713 ad
510 2665 635 2712 hanc
671 2663 794 2712 diem
833 2672 1007 2710 servata
1028 2673 1093 2711 est
1125 2664 1177 2709 in
1203 2679 1310 2727 pro-

291 2748 455 2795 vinciis
496 2743 730 2794 Rhenanis
755 2779 770 2804 ‚
819 2754 887 2800 est
916 2743 1096 2792 abolita
1135 2756 1180 2793 et
1204 2762 1309 2809 spe-

290 2838 407 2877 ctata
416 2837 466 2876 ut
481 2827 704 2891 abusiva3
723 2832 774 2875 2ο
793 2827 913 2876 clero
930 2825 1163 2875 catholico
1180 2842 1310 2893 aeque

290 2928 345 2959 ac
377 2912 700 2975 protestantico
733 2909 1011 2968 interdicta;
1059 2909 1111 2957 3⁰
1153 2908 1311 2957 decre-

289 3005 392 3043 tum
431 3004 474 3043 et
514 2993 790 3059 declaratio,
824 2992 900 3041 die
939 3008 996 3039 21
1028 2991 1149 3040 Nov.
1185 2989 1308 3041 1803

288 3076 577 3142 promulgata
593 3111 608 3136 ,
629 3075 818 3141 posthac
831 3077 880 3123 in
903 3077 1155 3140 provinciis
1169 3077 1307 3124 etiam

287 3159 524 3208 Rhenanis
564 3161 750 3223 vigeat3
781 3156 837 3222 40
866 3160 1074 3223 itemque
1104 3169 1157 3206 ut
1179 3168 1309 3223 pacta

281 3245 405 3291 inter
434 3258 627 3309 sponsos
658 3252 791 3290 antea
816 3243 933 3289 inita
953 3242 1075 3289 circa
1102 3241 1307 3291 filiorum

281 3323 603 3375 educationem
641 3326 785 3374 'irrita
839 3326 931 3372 sint
978 3333 1022 3372 et
1083 3324 1309 3375 invalida.

278 3404 402 3454 Cum
423 3424 586 3472 magna
613 3407 777 3456 exinde
809 3405 1011 3455 turbatio
1040 3415 1135 3454 orta
1165 3417 1304 3467 esset,

281 3487 508 3537 Borussiae
537 3506 619 3538 rex
646 3499 810 3538 auctor
826 3490 916 3537 fuit
941 3488 1175 3554 Episcopis
1205 3506 1310 3553 pro-

283 3573 451 3620 vincIae
476 3570 715 3619 Rhenanae
733 3609 746 3630 ‚
774 3581 826 3620 ut
850 3570 1141 3620 consulerent
1156 3566 1207 3618 S.
1223 3567 1306 3618 Se-

287 3654 392 3702 dem
409 3692 422 3715 ,
439 3672 519 3719 per
529 3654 761 3720 epistolam
779 3655 835 3702 ad
847 3671 924 3703 eos
936 3653 1088 3702 datam
1102 3651 1305 3701 Berolini

1403 1004 1469 1056 28
1500 1005 1638 1056 Febr.
1677 1003 1832 1068 1828,
1861 1007 1920 1057 de
1945 1023 2036 1074 qua
2057 1025 2161 1056 mox
2189 1006 2421 1059 dicemus.

1403 1088 1503 1138 Cfr.
1551 1090 1634 1138 cit.
1674 1088 1856 1137 Lettres
1885 1107 1973 1138 sur
1993 1089 2195 1157 l'affaire
2239 1091 2297 1140 de
2333 1090 2426 1141 Co-

1403 1169 1536 1235 loyne
1560 1209 1574 1232 ,
1609 1189 1715 1237 pag.
1757 1169 1823 1221 25
1865 1182 1911 1222 et
1954 1190 2086 1240 seqq.
2120 1191 2306 1223 necnon
2333 1172 2424 1223 Es-

1396 1254 1655 1319 posizione
1691 1254 2024 1303 documentum
2042 1250 2072 1316 ,'
2097 1266 2186 1305 etc.
2232 1272 2338 1324 pag.
2397 1272 2414 1305 ι

1403 1346 1449 1385 et
1482 1353 1613 1402 seqq.
1644 1337 1838 1386 docum.
1863 1355 1881 1386 1
1911 1347 1956 1386 et
1980 1352 2035 1387 11.

1471 1418 1534 1483 (1)
1581 1418 1693 1468 Haec
1740 1437 1896 1469 rerum
1937 1422 2076 1469 series
2128 1423 2179 1469 in
2224 1419 2422 1485 Imperio

1402 1500 1595 1551 Russico
1651 1505 1751 1568 jam
1803 1503 1913 1553 inde
1961 1503 2020 1551 ab
2073 1521 2197 1552 anno
2247 1500 2373 1552 1825
2402 1540 2416 1564 ,

1399 1583 1475 1632 die
1531 1585 1588 1633 13
1650 1584 1762 1632 Maii
1802 1585 1949 1651 (quae
1999 1585 2175 1650 epocha
2219 1585 2422 1636 notanda

1398 1676 1465 1715 est
1488 1704 1502 1728 ‚
1536 1684 1645 1715 cum
1679 1667 1912 1716 coincidat
1955 1685 2063 1717 cum
2103 1663 2287 1717 decreto
2314 1669 2420 1718 dato

1405 1764 1463 1815 17
1503 1747 1698 1814 Augusti
1746 1750 1953 1816 ejusdem
1994 1753 2106 1799 anni
2135 1769 2160 1799 a
2190 1768 2295 1816 rege
2324 1749 2419 1800 Bo-

1395 1821 1570 1880 russico
1608 1833 1731 1880 circa
1771 1830 2070 1882 Matrimonia
2105 1832 2284 1897 mixta)
2325 1831 2422 1882 Im-

1396 1925 1575 1981 perator
1630 1914 1898 1964 Alexander
1946 1915 1999 1963 in
2062 1915 2190 1964 dieta
2219 1952 2235 1981 ,
2277 1934 2420 1984 quam

1396 2001 1674 2057 nominant,
1709 1997 1999 2047 Varsaviensi
2034 1999 2416 2063 denuntiaverat,

1397 2097 1597 2129 examen
1625 2080 1965 2131 instituendum
1993 2099 2091 2131 esse
2109 2085 2217 2131 novi
2251 2083 2421 2132 codicis

1398 2163 1545 2212 civilis
1568 2164 1627 2212 ad
1660 2165 1898 2229 politicam
1941 2168 2064 2230 regni
2109 2164 2311 2213 Poloniae
2337 2166 2422 2214 ad-

1400 2247 1786 2293 ministrationem
1811 2248 2027 2294 instituti.
2043 2246 2163 2311 Imp.
2179 2246 2417 2309 Nicolaus,

1398 2344 1523 2374 anno
1580 2325 1740 2391 1827,
1782 2328 1958 2377 codicis
2009 2328 2147 2395 hujus
2189 2327 2335 2378 civilis
2374 2347 2421 2385 et

1397 2407 1708 2458 ecclesiastici
1750 2412 1956 2476 primum
2003 2413 2222 2460 volumen
2266 2412 2422 2478 publi-

1396 2493 1532 2540 cavit.
1562 2490 1681 2540 Cum
1722 2502 1874 2542 autem
1912 2493 2121 2559 legibus,
2164 2510 2267 2561 quae
2306 2513 2419 2544 con-

1388 2575 1516 2640 jugia
1548 2574 1852 2640 spectabant,
1891 2574 2040 2625 clerus
2077 2579 2240 2626 acriter
2273 2577 2418 2627 obsti-

1392 2659 1517 2705 tisset
1533 2692 1548 2717 ,
1584 2674 1646 2705 eae
1666 2659 1717 2704 in
1739 2675 1875 2705 usum
1899 2676 1996 2707 non
2023 2659 2152 2709 fuere
2173 2659 2383 2709 deductae
2397 2696 2416 2723 ‚

1392 2739 1472 2788 sed
1502 2743 1552 2788 in
1587 2740 1728 2788 altera
1749 2740 1877 2789 dieta
1903 2741 2223 2805 Varsaviensi,
2258 2743 2415 2792 habita

1394 2839 1555 2871 mense
1598 2821 1719 2886 Maio
1771 2841 1894 2871 anno
1931 2823 2054 2873 1830
2076 2862 2089 2885 ,
2127 2825 2414 2891 Imperatoris

1388 2908 1525 2971 jussu
1544 2907 1710 2953 iterum
1735 2922 1956 2956 excussae.
1984 2904 2138 2956 Secuti
2154 2926 2249 2957 non
2266 2909 2414 2960 multo

1391 2998 1493 3054 post
1546 2988 1736 3038 rebelles
1780 2979 1984 3038 Poloniae
2023 3002 2208 3054 motus,
2242 2994 2413 3061 quibus

1394 3071 1560 3121 sedatis
1581 3108 1596 3129 ,
1631 3072 1755 3121 idem
1773 3071 2029 3138 Imperator
2064 3073 2212 3141 legem
2241 3077 2411 3141 edidit,

1393 3175 1485 3223 qua
1504 3156 1795 3206 ecclesiastici
1832 3174 1998 3207 omnes
2017 3156 2301 3223 jubebantur
2314 3164 2412 3211 usi-

1391 3250 1486 3288 tato
1520 3237 1744 3289 solemnis
1773 3240 2110 3290 benedictionis
2137 3245 2228 3292 ritu
2246 3261 2411 3293 conse-

1391 3340 1519 3371 crare
1551 3324 1736 3388 nuptias
1780 3322 1950 3372 mixtas
1978 3323 2237 3374 Catholicos
2286 3328 2407 3375 inter

1390 3416 1435 3454 et
1476 3406 1793 3454 schismaticos
1835 3407 2095 3468 ineundas,
2142 3409 2204 3455 ita
2242 3409 2407 3474 utqui

1396 3506 1528 3538 secus
1557 3488 1707 3537 facere
1742 3489 1935 3540 auderet
1960 3528 1973 3550 ,
2003 3489 2116 3538 laesae
2155 3491 2404 3556 majestatis

1396 3573 1591 3622 crimine
1632 3582 1878 3622 teneretur.
1928 3572 2047 3622 Nota
2084 3583 2151 3622 est
2189 3571 2400 3638 praeclara

1389 3659 1623 3722 responsio
1638 3674 1663 3705 a
1686 3657 1748 3707 D.
1770 3654 2029 3705 Gutkowski
2046 3657 2259 3720 episcopo
2280 3651 2403 3701 Pod-
