2508 4120
309 86 424 146 188

1020 110 1343 149 TRAGTATUS
1386 115 1454 151 DE
1499 116 1700 154 ORDINE
1708 142 1721 156 .

306 237 480 320 Apud
514 239 671 319 ipsos
712 229 1109 297 Protestantes
1147 237 1319 319 longe
1369 242 1612 301 minoris
1655 248 1780 322 jam
1834 249 2195 311 aestimantur
2243 254 2438 312 mariti

305 334 569 416 ipsorum
589 333 844 391 ministri
870 355 1046 414 quam
1081 334 1238 416 apud
1268 357 1376 395 nos
1412 338 1678 398 catholici
1713 340 2053 422 Praesbyteri
2085 345 2288 426 (1).1n
2324 350 2436 407 An-

304 429 418 510 glia
442 450 579 488 vero
610 449 812 487 omnes
845 428 963 488 fere
990 428 1122 488 libri
1149 452 1216 489 eo
1245 443 1510 512 spectant
1534 480 1548 509 ‚
1581 446 1646 492 ut
1667 436 1887 495 clerum
1910 438 2164 499 invisum
2187 454 2245 500 et:
2272 466 2436 502 sum-

305 544 542 603 mopere
568 524 1079 584 contemnendum
1103 526 1354 586 reddant
1381 528 1506 608 (2);
1535 552 1644 590 nec
1670 532 1962 613 religionis
1990 534 2300 613 anglicanae
2323 540 2437 598 mi·-

302 619 501 677 nistris
543 618 908 678 theatrorum
951 620 1184 680 licentia
1229 624 1415 704 parcit
1455 626 1551 683 :si
1600 627 1728 708 quis
1767 628 1829 685 in
1874 650 2105 687 scenam
2148 630 2441 692 inducitur

307 712 487 773 veluti
517 714 759 774 stolidus
781 761 797 785 ,
828 715 1022 776 ebrius
1042 762 1058 793 7
1085 717 1220 776 leno
1239 764 1255 792 ,
1288 723 1570 788 minister
1596 721 1905 782 exhibetur
1928 723 2037 804 (3)
2070 727 2211 798 Quae
2242 728 2438 789 omnia

304 829 438 869 cum
468 809 811 873 adversariis
839 810 994 873 bene
1029 826 1336 896 perspecta
1361 815 1480 875 sint
1499 862 1514 891 .,
1558 839 1626 876 eo
1662 818 1811 878 votis
1844 819 2116 879 omnibus
2141 821 2432 898 tendunt,

303 1051 516 1094 mentum
542 1049 760 1107 accessit,
792 1050 975 1112 imperii
1008 1047 1187 1097 Russici
1216 1048 1326 1108 fun-

302 1128 460 1176 datore
481 1167 494 1189 ‚
524 1147 686 1194 magna
716 1148 769 1178 ex
789 1142 912 1195 parte
935 1134 1245 1179 instauratum
1260 1141 1326 1179 est

302 1211 503 1259 schisma
520 1215 889 1277 moscoviticum,
915 1215 1042 1282 quod
1061 1217 1257 1282 jamjam
1275 1218 1326 1263 in

302 1311 441 1341 suum
471 1294 614 1341 finem
654 1297 902 1362 vergebat3
945 1299 1087 1364 idque
1119 1301 1326 1364 praestitit

303 1393 357 1424 ex
402 1379 576 1426 motivo
622 1380 841 1443 politico,
892 1391 941 1429 ut
984 1383 1110 1429 idem
1156 1400 1325 1447 nempe

303 1470 420 1508 esset
451 1472 588 1526 caput
620 1462 766 1510 civilis
792 1475 837 1511 et
868 1465 1163 1514 ecclesiastici
1202 1469 1321 1531 regi-

300 1544 477 1602 minis,
521 1554 566 1590 et
613 1545 820 1609 religiosa
861 1549 1093 1595 institutio
1139 1550 1321 1612 politica

300 1642 485 1690 prorsus
515 1627 745 1675 evaderet.
784 1627 881 1676 Hoc
919 1629 1159 1693 politicum
1188 1633 1316 1696 prin-

300 1710 476 1773 cipium
494 1726 661 1774 magna
682 1714 938 1759 constantia
967 1716 1192 1777 prosecuti
1213 1726 1322 1762 sunt

300 1790 633 1856 subsequentes
662 1795 842 1857 imperii
873 1795 1182 1843 moderatores
1202 1833 1216 1856 ‚
1240 1800 1321 1862 qui

299 1872 534 1919 interdum
577 1875 900 1923 vexationibus
937 1885 983 1924 et
1025 1880 1151 1924 omni
1187 1897 1323 1943 argu-

303 1966 571 2003 mentorum
606 1960 805 2017 saevitie‚
840 1958 913 2006 his
946 1962 1199 2025 praesertim
1221 1961 1320 2009 die-

297 2037 386 2086 bus
408 2075 421 2098 ,
453 2042 605 2087 conati
640 2050 750 2088 sunt
784 2052 826 2089 et
868 2045 1084 2090 nituntur
1105 2081 1117 2102 ‚
1161 2054 1319 2092 contra

295 2121 489 2185 publica
523 2133 684 2186 pacta,
728 2125 995 2188 religionem
1043 2125 1318 2173 catholicam

300 2203 486 2259 abolere
518 2207 567 2251 in
596 2206 862 2268 regionibus
896 2224 988 2254 suae
1012 2209 1175 2254 ditioni
1209 2210 1319 2256 suh-

302 2287 446 2350 jectis.
478 2286 525 2335 Si
554 2300 675 2335 artes
697 2288 872 2337 Juliani
902 2300 1112 2354 apostatae
1135 2308 1319 2356 compa-

298 2379 511 2417 rarentur
533 2387 640 2418 cum
660 2371 749 2418 illis
767 2408 779 2429 ‚
807 2372 978 2437 quibus
1007 2372 1123 2420 illud
1143 2374 1317 2440 guber-

297 2456 430 2500 nium
459 2455 603 2501 utitur
628 2455 685 2501 ad
717 2455 860 2502 finem
898 2456 1025 2504 hunc
1053 2474 1316 2520 perversum

298 2535 638 2596 obtinendum,
675 2538 891 2603 discipuli
931 2541 1200 2604 magistrum
1235 2558 1315 2587 su-

296 2635 478 2682 perasse
495 2621 778 2668 viderentur.
811 2620 993 2685 Duplex
1012 2639 1193 2686 semper
1211 2639 1314 2670 sco-

298 2718 385 2766 pus
426 2704 475 2748 in
511 2702 780 2750 dilatatione
826 2706 1007 2768 imperii
1052 2720 1142 2768 prae
1173 2705 1317 2752 oculis

296 2783 495 2831 habetur
520 2821 533 2844 ‚
576 2787 806 2849 protensio
847 2786 1011 2833 linium
1050 2789 1230 2845 imperii
1273 2797 1317 2834 et

298 2867 554 2914 schismatis
581 2905 593 2927 ,
639 2877 693 2915 ut
740 2870 804 2916 sic
842 2870 1087 2933 spropriam
1112 2904 1126 2930 ,
1175 2885 1316 2933 quam

305 2962 474 2999 vocant
506 2951 745 2999 ecclesiam
767 2989 780 3011 ‚
822 2961 1061 3017 opponant
1103 2951 1316 3000 Ecclesiae

299 3033 540 3082 Romanae.
558 3030 611 3082 Id
630 3051 723 3081 non
742 3033 934 3082 obscure
956 3035 1142 3094 fatetur,
1174 3053 1313 3100 quem

299 3134 417 3183 saepe
433 3118 542 3165 alias
565 3119 828 3177 citavimus,
849 3116 1020 3165 Filaret
1039 3155 1051 3176 ‚
1074 3119 1186 3165 dum
1209 3128 1311 3166 vota

299 3204 466 3250 emittit
493 3213 545 3250 ut
584 3201 916 3267 protendantur
944 3203 1123 3266 imperii
1156 3203 1272 3250 fines
1298 3240 1310 3262 ‚

300 3293 345 3331 et
368 3287 432 3331 sic
464 3285 663 3332 schisma
682 3284 999 3350 protendatur.
1032 3282 1113 3332 Ast
1128 3302 1225 3332 non
1251 3294 1316 3333 est

303 3367 584 3430 prudentia,
629 3386 722 3415 non
767 3378 833 3415 est
867 3360 1111 3415 consilium
1160 3377 1315 3416 contra

308 3447 582 3498 Dominum.
620 3449 840 3499 Ceterum
860 3450 971 3499 hinc
1002 3451 1055 3497 fit
1074 3487 1086 3510 7
1122 3459 1171 3497 ut
1194 3452 1317 3514 ipso-

302 3550 407 3580 rum
431 3534 585 3597 Popoe
603 3569 617 3592 ,
646 3551 761 3599 quos
791 3544 992 3594 vocant,
1026 3551 1107 3581 seu
1140 3533 1323 3598 presby·

305 3618 385 3663 teri
422 3618 625 3676 uxorati,
662 3619 742 3682 qui
773 3615 996 3665 omnibus
1038 3616 1323 3681 contemptui

1408 1060 1518 1098 sunt
1536 1050 1595 1099 ob
1616 1054 1924 1116 ignorantiam
1946 1063 1991 1101 et
2025 1054 2297 1103 ebrietatem
2322 1093 2335 1115 ,
2355 1059 2431 1105 cui

1407 1137 1575 1197 passim
1592 1135 1853 1200 indulgent,
1882 1145 1927 1183 et
1945 1135 2005 1182 ob
2030 1138 2275 1185 simoniam
2295 1175 2308 1197 ‚
2323 1153 2428 1186 sus·

1407 1217 1661 1277 tineantur,
1681 1219 1776 1265 imo
1811 1217 2072 1266 foveantur.
2093 1217 2191 1267 Cfr.
2213 1219 2269 1267 de
2290 1218 2431 1268 Mais-

1406 1303 1477 1346 tre
1498 1335 1510 1356 ,
1543 1296 1626 1347 Du
1655 1299 1793 1364 Pape
1811 1336 1826 1355 ‚
1852 1299 1942 1346 loc.
1978 1302 2057 1347 cit.

1475 1379 1540 1444 (1)
1580 1379 1678 1428 Cfr.
1715 1380 1772 1428 de
1799 1380 1984 1428 Maistre
2006 1418 2019 1441 ‚
2054 1398 2133 1445 op.
2169 1391 2213 1429 et
2231 1381 2323 1430 loc.
2345 1383 2426 1431 cit.

1406 1462 1487 1509 ubi
1517 1464 1648 1526 plura
1679 1463 1819 1529 hujus
1850 1465 2111 1511 assertionis
2148 1464 2428 1511 documenta

1404 1545 1575 1608 profert
1594 1581 1606 1602 ‚
1629 1555 1768 1610 atque
1795 1548 1915 1593 inter
1932 1556 2081 1593 cetera
2103 1546 2203 1593 haec
2224 1545 2383 1593 scribit
2410 1561 2423 1592 τ

1404 1625 1721 1673 L'anatheme
1740 1634 1807 1674 est
1825 1626 2108 1676 inevitahle.
2131 1629 2254 1674 Tout
2266 1629 2427 1691 preire

1403 1710 1558 1755 marie
1584 1709 1791 1756 tombera
1816 1712 2028 1773 toujours
2047 1709 2335 1756 au-dessoas
2366 1708 2426 1757 de

1401 1807 1488 1837 son
1524 1791 1781 1839 caractere.
1827 1791 1902 1839 La
1934 1792 2219 1856 super-iovite
2252 1793 2422 1838 incon·

1402 1871 1590 1920 testable
1614 1873 1681 1921 du
1709 1872 1860 1937 clerqe
1884 1873 2149 1938 catholique
2181 1875 2301 1921 tient
2315 1873 2432 1920 uni-⁷

1401 1963 1621 2018 quement
1645 1956 1675 2003 ὰ
1706 1953 1752 2003 la
1785 1954 1852 2003 loi
1866 1955 1932 2003 du
1962 1955 2150 2004 celibat.
2183 1953 2423 2019 Qu’est-ca.

1400 2037 1551 2100 qa’un
1581 2032 1801 2086 ministre
1819 2038 1886 2086 du
1914 2037 2037 2086 culte
2056 2040 2143 2103 qui
2166 2056 2215 2086 se
2234 2054 2422 2085 nomme

1400 2121 1644 2183 refer-me?
1683 2120 1807 2168 C'est
1839 2138 1907 2168 un
1940 2121 2125 2168 homme
2156 2119 2330 2167 babille
2363 2119 2420 2166 de

1399 2207 1542 2266 noir,
1562 2207 1648 2268 qui
1663 2214 1819 2252 monte
1842 2215 1945 2252 tous
1968 2205 2031 2252 les
2057 2203 2334 2251 dimanches
2358 2219 2421 2251 en

1398 2286 1563 2335 chaire
1587 2304 1713 2351 pour
1734 2304 1766 2352 y
1796 2290 1923 2334 tenir
1966 2287 2046 2334 des
2082 2303 2261 2352 propos
2301 2285 2420 2333 hon-

1398 2372 1547 2418 ne'teS.
1570 2370 1617 2417 A
1637 2386 1687 2416 ce
1707 2371 1876 2416 melier
1896 2378 1998 2417 tout
2015 2368 2214 2417 honnete
2237 2368 2422 2415 homme

1390 2462 1510 2517 peut
1533 2453 1731 2501 reussir.
1752 2452 1790 2498 J
1794 2450 1861 2500 ’ai
1887 2455 2107 2500 examine
2121 2451 2176 2499 de
2193 2452 2421 2518 tres-pres

1399 2543 1511 2582 cette
1533 2533 1682 2582 classe
1704 2532 1962 2583 d'hommes
1974 2554 1993 2596 ,·
2012 2535 2105 2598 j’ai
2125 2543 2310 2582 sarcout
2338 2536 2417 2581 in—

1399 2623 1575 2683 terroqe
1598 2635 1682 2666 sur
1710 2635 1783 2667 ces
1819 2620 2063 2666 ministres
2085 2616 2414 2681 evanqeliques

1398 2699 1632 2766 l‘opinion
1644 2703 1731 2766 qui
1740 2701 1809 2748 les
1825 2702 2101 2755 environne,
2119 2709 2162 2746 et
2183 2707 2296 2747 cette
2313 2700 2417 2762 opi-

1397 2787 1518 2832 nion
1552 2787 1700 2832 niente
1735 2784 1968 2833 s'accorde
2011 2800 2123 2832 aveo
2158 2782 2206 2830 la
2244 2779 2416 2843 notre,

1394 2886 1520 2934 pour
1551 2886 1611 2916 ne
1647 2868 1751 2915 leur
1785 2868 2007 2915 accorder
2049 2884 2238 2915 aucune
2275 2871 2418 2932 sape·

1396 2955 1563 3002 riorite
1593 2952 1649 2999 de
1675 2952 1930 3000 caractere.

1466 3036 1535 3098 (2)
1571 3035 1666 3083 Cfr.
1711 3034 1830 3085 ibid.
1881 3051 2063 3082 necnon
2105 3036 2154 3081 in
2198 3052 2276 3098 op.
2320 3032 2420 3080 The

1398 3117 1765 3181 extraordinary
1801 3116 1955 3164 Black
1985 3116 2119 3163 Book
2136 3152 2150 3175 ‚
2187 3134 2253 3163 an
2274 3133 2418 3181 empo-

1396 3203 1544 3249 sition
1584 3202 1644 3265 of
1679 3199 1755 3248 the
1789 3200 1956 3247 united
2001 3198 2179 3251 charoli
2221 3198 2281 3263 of
2308 3197 2415 3246 En-

1396 3285 1545 3349 yland
1576 3283 1676 3332 and
1722 3283 1919 3331 Ireland
1947 3320 1960 3344 ‚
2004 3283 2201 3331 London
2250 3282 2369 3330 1831
2400 3317 2414 3338 ‚

1400 3368 1536 3432 chap.
1574 3381 1617 3414 1.

1467 3450 1535 3513 (3)
1564 3448 1662 3497 Cfr.
1694 3458 1880 3507 auctor,
1907 3450 2133 3514 Reponse
2165 3461 2263 3494 aux
2289 3460 2411 3492 nou-

1407 3550 1560 3582 vcaucc
1579 3532 1790 3581 docteurs
1812 3569 1824 3592 ‚
1858 3549 1904 3596 p.
1938 3548 1969 3578 n
1990 3569 2002 3592 ‚
2032 3549 2133 3596 pag.
2166 3524 2277 3575 225.
