2508 4120
612 189 733 227 cAr.
782 188 865 227 ιν.
914 191 984 225 ns
1027 189 1394 237 MA'rnmonns
1438 190 1643 228 Mixtus.
2063 169 2179 228 403

66 338 453 413 protestantes
473 372 489 401 .,
520 327 620 409 qui
653 349 774 386 non
798 326 1070 386 abnuunt
1095 328 1161 387 in
1188 328 1468 407 conjugiis
1480 325 1694 387 'mixtis
1723 327 2179 388 commendabili

64 445 298 507 prorsus
321 421 685 501 indulgentia
711 442 883 480 suam
915 421 1126 501 agendi
1159 423 1452 482 rationem
1486 427 1826 482 necessitati
1851 427 2065 483 sociali
2095 435 2189 483 at·

64 530 396 600 temperare
427 517 534 596 (l).
574 517 747 593 Ergo.

147 614 286 673 332.
333 614 505 692 Resp.
533 610 684 690 Ney.
712 621 842 669 ant.
878 609 962 668 Ad
989 610 1069 667 lm
1091 609 1262 692 prob.
1290 613 1447 670 Dist.
1474 612 1532 670 Si
1559 611 1766 671 eadem
1790 613 1941 671 ratio
1965 613 2190 692 vigeret

64 730 172 790 pro
205 705 513 765 Sacerdote
541 703 829 764 catholico
858 705 920 762 in
953 704 1235 784 exigenda
1268 707 1484 787 praevia
1513 705 1613 765 illa
1636 711 1946 787 conjugum
1970 706 2193 788 pollici·

65 803 287 860 tatione
306 845 321 872 ,
359 820 485 881 quae
512 800 667 878 viget
690 820 799 880 pro
821 798 1088 858 ministro
1118 811 1483 881 protestante
1518 801 1582 859 in
1616 822 1682 859 ea
1720 823 1842 860 non
1871 801 2152 880 exigenda
2171 846 2188 876 ,

66 917 223 955 conc.
242 919 262 961 ,·
296 895 346 954 si
382 893 553 973 longe
591 892 818 952 diversa
849 894 1351 973 omninovigeat,
1386 917 1515 974 neq.
1556 896 1690 967 Jam
1733 916 1874 955 vero
1907 895 2184 956 Sacerdos

66 989 380 1050 catholicus
411 989 633 1067 cogitur
662 987 739 1046 ad
778 987 1063 1065 ejusmodi
1101 988 1588 1069 pollicitationem
1630 989 1973 1069 exigendam
2018 992 2081 1050 1⁰
2116 1011 2188 1051 ex

67 1084 332 1144 Ecclesiae
356 1081 580 1162 legibus
599 1127 615 1156 .,
659 1081 870 1163 quibus
905 1104 979 1141 ex
1013 1084 1366 1153 canscientia
1390 1083 1800 1165 obtemperare
1834 1083 2048 1162 debet,
2079 1086 2195 1145 nisi

68 1179 209 1238 velit
252 1178 413 1258 gravi
441 1176 656 1236 scelere
695 1199 756 1235 se
799 1177 1257 1251 commacularet,
1295 1179 1364 1236 20
1403 1199 1477 1237 ex
1507 1179 1630 1260 ipsa
1666 1179 1751 1238 rei
1786 1190 2035 1255 natura,
2079 1202 2194 1262 qua

65 1274 133 1331 fit
165 1285 230 1331 ut
263 1282 519 1353 nequeat
550 1272 672 1330 ritu
710 1292 871 1330 sacro
906 1271 1217 1331 honestare
1253 1273 1590 1354 conjugium
1630 1271 1900 1332 illicitum
1936 1285 1996 1333 et
2024 1276 2194 1334 sacri-

66 1367 258 1447 legum
284 1412 299 1440 ,
347 1365 667 1445 cujusmodi
705 1365 941 1425 illorum
979 1377 1066 1426 est
1090 1411 1109 1440 ,
1148 1368 1251 1448 qui
1304 1379 1436 1426 actu
1485 1368 1786 1426 constituti
1825 1380 1886 1427 et
1936 1368 2200 1450 dispositi

67 1475 207 1522 sunt
229 1462 301 1534 ad
328 1462 754 1521 instituendam
778 1461 1039 1521 sobolem
1062 1464 1125 1520 in
1155 1484 1222 1521 ea
1247 1473 1400 1521 secta
1421 1506 1437 1536 .,
1478 1484 1658 1543 quam
1685 1463 1796 1544 ipsi
1833 1462 1947 1523 fide
1985 1475 2195 1524 tenent

66 1557 270 1615 falsam
305 1578 464 1631 esse,
497 1567 556 1615 et
590 1557 653 1614 in
689 1577 804 1636 qua
844 1555 1212 1637 culpabiliter
1251 1578 1322 1615 ex
1359 1556 1469 1614 hac
1497 1556 1617 1615 vita
1650 1556 1958 1615 decedenti
1997 1558 2196 1616 nullus

64 1662 229 1732 patet
259 1649 446 1708 aditus
467 1649 542 1708 ad
569 1650 852 1723 salutem3
879 1650 945 1708 30
967 1671 1038 1708 ex
1068 1652 1406 1708 necessitate
1424 1648 1812 1729 patefaciendi
1839 1649 2146 1710 horrorem
2171 1696 2189 1723 .,

67 1767 241 1826 quem
263 1746 569 1826 profitetur
601 1744 874 1821 Ecclesia,
904 1748 1064 1822 cujus
1093 1743 1370 1802 Sacerdos
1399 1744 1669 1802 minister
1696 1754 1786 1802 est
1806 1788 1822 1816 .,
1857 1765 1990 1823 erga
2019 1746 2199 1804 sacri-

66 1839 221 1919 legas
258 1839 539 1921 ejusmodi
573 1839 829 1920 nuptias·
861 1840 964 1897 His
990 1859 1167 1920 porro
1193 1839 1489 1896 rationum
1517 1837 1830 1896 momentis
1857 1840 2197 1918 permoveri

66 1922 567 2015 nequit‘minister
600 1943 930 2014 protestans
949 1978 966 2006 .‚
1005 1932 1104 2014 qui
1138 1931 1362 1990 nullam
1391 1930 1500 1990 sibi
1532 1931 1893 2012 superiorem
1936 1933 2194 1992 auctori·

65 2039 250 2088 tatem
288 2029 549 2108 agnoscit
582 2029 645 2086 in
682 2027 976 2108 religionis
1009 2027 1276 2107 negoti03
1319 2026 1421 2108 qui
1461 2028 1770 2107 profitetur
1806 2025 2192 2088 tolerantiam

67 2124 422 2204 religiosam,
460 2124 540 2182 ita
574 2135 639 2182 ut
673 2124 737 2182 in
760 2122 1020 2205 qualibet
1045 2126 1436 2202 confessione,
1467 2133 1536 2180 ut
1564 2132 1776 2182 vocant
1798 2121 2090 2202 (perinde
2125 2144 2194 2182 ac

67 2219 114 2278 si
159 2223 549 2278 protestantes
590 2217 724 2277 fidei
765 2218 1190 2277 confessionem
1226 2216 1483 2297 aliquam
1518 2214 1888 2294 haberent),
1944 2216 2194 2298 quilibet

68 2313 250 2395 possit
275 2312 524 2372 salutem
554 2323 834 2372 aeternam
864 2311 1102 2394 adipisci
1130 2312 1256 2392 (2)3
1302 2315 1403 2392 qui
1435 2310 1675 2370 demum
1709 2309 1936 2369 nullam
1976 2310 2187 2372 tribuit

72 2408 336 2485 conjugio
374 2409 733 2466 Sacramenti
771 2407 1140 2485 dignitatem.
1177 2408 1346 2464 Nunc
1382 2426 1521 2465 vero
1558 2416 1618 2464 et
1657 2404 1806 2463 illud
1849 2404 2185 2482 adjicimuS‚

70 2503 285 2561 falsum
326 2522 480 2576 esse,
510 2500 638 2560 tolli
672 2500 989 2582 perfectam
1021 2499 1183 2559 illam
1207 2499 1553 2558 conditionis
1590 2500 1917 2580 paritatem'
1941 2521 2048 2582 per
2093 2521 2193 2561 ca-
2269 2506 2275 2509 ’

70 2597 300 2655 tholicae
339 2595 597 2655 Ecclesiae
635 2596 901 2677 praxim„
941 2607 1118 2676 atque
1153 2595 1428 2676 impediri
1477 2593 1766 2652 connubia
1801 2595 2005 2653 mixta.
2039 2598 2193 2656 Nam

73 2694 120 2752 si
158 2693 355 2774 sponsi
389 2702 643 2750 renuant
676 2711 737 2750 se
765 2689 1045 2768 subjicere
1069 2690 1418 2763 conditioni,
1458 2689 1582 2748 sine
1617 2710 1728 2770 qua
1761 2710 1881 2747 non
1918 2688 2196 2749 tribuitur

59 2787 188 2851 ,illis
209 2785 537 2845 benedictio
563 2807 596 2844 a
618 2784 927 2845 Sacerdote
951 2785 1233 2844 catholico
1252 2829 1268 2859 ,
1303 2806 1363 2844 se
1387 2793 1739 2846 convertunt
1761 2783 1834 2842 ad
1853 2784 2193 2844 ministrum

74 2892 505 2964 protestantem
527 2926 543 2955 .,
584 2883 685 2963 qui
715 2902 843 2940 eam
881 2880 1033 2940 illico
1062 2881 1200 2963 ipsis
1228 2902 1300 2939 ex
1326 2879 1522 2938 animo
1545 2879 1881 2960 impertitur
1911 2877 2027 2959 (3).

160 2974 295 3035 333.
344 2975 430 3036 Ad
463 2975 584 3050 2¹1¹,
627 2975 780 3057 Neq.
826 2977 906 3035 Ut
941 2975 1105 3036 enim
1154 2975 1430 3056 Princeps
1480 2973 1831 3033 acatholicus
1870 2992 2032 3055 aequo
2060 2978 2196 3053 jure

147 3183 215 3246 (1)
248 3181 372 3230 lbid.
1237 3182 1308 3246 (3)
1342 3180 1561 3248 Quinimo
1603 3180 1934 3241 protestantes,
1980 3185 2034 3226 ut
2078 3179 2194 3227 vidi-

145 3265 214 3328 (2)
246 3263 343 3314 Cfr.
373 3280 475 3330 quae
503 3266 765 3329 scripsimus
781 3267 831 3313 in
853 3274 986 3314 tract.
1014 3262 1088 3314 De
1170 3282 1275 3312 mus
1293 3301 1306 3323 ‚
1358 3263 1620 3311 Catholicos
1667 3263 1722 3310 ad
1767 3260 2015 3326 petendam
2046 3277 2071 3307 a
2100 3263 2194 3309 suis

79 3363 190 3396 vera
226 3345 469 3410 Reliqione
488 3381 503 3405 ‚
548 3356 659 3410 part.
699 3362 733 3394 n
763 3382 779 3407 ‚
825 3363 958 3412 prop.
989 3363 1052 3394 xu
1072 3382 1086 3403 ‚
1171 3345 1432 3394 ministellis
1454 3362 1553 3392 eam
1578 3380 1591 3402 ‚
1622 3360 1760 3408 quam
1803 3351 1966 3390 vocant
2001 3340 2192 3391 benedi-

85 3428 451 3476 ubiostendimus
470 3462 485 3484 ‚
503 3426 801 3476 protestantes
821 3430 1092 3476 recentiores
1173 3431 1397 3488 ctionem,
1442 3426 1672 3484 invitant;
1707 3434 1754 3471 et
1781 3440 1834 3471 eo
1865 3426 2052 3471 nomine
2085 3422 2189 3471 alli-

86 3507 258 3574 passim
273 3508 556 3556 tolerantiam
578 3509 701 3557 hanc
713 3508 971 3574 religiosam
994 3525 1100 3573 pro·
1181 3512 1330 3568 ciunt,
1357 3507 1482 3573 quod
1504 3507 1590 3554 hac
1609 3507 1784 3552 ratione
1816 3506 1866 3551 in
1894 3506 2098 3568 ipsorum
2131 3505 2190 3551 sit

87 3593 240 3653 fiteri3
266 3593 346 3657 qui
372 3608 478 3640 vero
503 3609 629 3640 secus
643 3594 881 3657 sentiunt,
900 3602 1104 3659 pugnant
1183 3598 1404 3656 potestate
1444 3603 1588 3635 novas
1609 3622 1624 3645 ,
1669 3602 1778 3634 cum
1804 3585 2016 3644 libuerit,
2056 3599 2180 3647 nup·

91 3689 199 3722 cum
225 3675 334 3738 ipsis
355 3672 714 3723 protestantismi
739 3675 993 3740 principiis.
1185 3676 1268 3721 tias
1298 3673 1432 3719 inire.
1458 3667 1712 3716 Commoda
1741 3667 1880 3731 plane
1894 3664 2191 3728 reformatio!

1846 3746 1948 3804 26.
