2508 4120
2136 144 2254 203 375

683 164 802 199 CAP.
847 163 923 203 lv.
969 164 1035 199 DE
1079 164 1448 201 MATRIMONHS
1493 165 1694 202 mxris.

246 304 384 361 290.
431 305 597 360 Posse
622 314 815 361 autem
839 305 1162 362 Romanum
1187 304 1522 362 Pontificem
1552 325 1846 386 apponere
1871 304 2252 380 conditioneS‚

160 397 271 456 sub
304 396 510 478 quibus
547 407 777 455 tantum
801 396 1082 475 ejusmodi
1114 397 1403 456 connubia
1437 399 1572 457 iniri
1608 400 1876 473 valeant,
1913 398 2255 482 probatione

159 515 279 551 non
322 492 560 571 indiget.
602 492 734 572 Ipse
779 493 1064 572 siquidem
1104 502 1309 573 utpote
1345 493 1552 552 Christi
1601 496 1847 559 vicarius
1885 495 2062 555 debet
2098 494 2253 554 bono

164 587 447 668 spirituali
470 586 796 644 animarum
834 588 1162 668 prospicere
1201 608 1266 645 ac
1292 585 1448 645 bono
1476 589 1655 647 totius
1685 590 1943 650 Ecclesiae
1970 590 2079 649 sibi
2105 611 2255 649 com-

161 683 381 754 missae3
420 679 595 739 debet
628 691 889 741 avertere
919 681 1116 740 fideles
1156 702 1519 762 quacumque
1559 695 1751 764 potest
1795 706 1906 767 ope
1949 707 1980 743 a
2019 706 2258 767 perver·

162 775 336 834 sionis
357 785 416 833 et
432 775 725 855 apostasiae
737 775 1032 856 periculis3
1061 785 1254 856 atque,
1280 788 1344 834 ut
1369 799 1486 835 uno
1521 776 1699 837 verbo
1729 777 1940 854 dicam,
1966 779 2143 840 debet
2171 781 2256 839 uti
2335 829 2342 837 .

162 880 474 950 potestate,
500 890 613 949 qua
629 868 907 930 divinitus
929 869 1204 952 praeditus
1221 882 1330 943 est,
1352 871 1411 928 in
1426 871 1890 947 aedificationem„
1918 896 2037 933 non
2061 886 2258 935 autem

159 964 221 1021 in
256 963 724 1023 destructionem.
758 967 1158 1047 Quapropter,
1194 964 1465 1024 omnibus
1502 968 1802 1046 expensiS‚
1841 980 2164 1050 eas-potest
2197 981 2257 1028 et

161 1058 338 1117 debet
375 1059 648 1137 conjugiis
693 1060 893 1117 mixtis
933 1058 1297 1119 celebrandis
1342 1058 1701 1120 conditiones
1739 1083 2079 1144 apponere,
2118 1085 2259 1144 quas

162 1152 387 1212 viderit<
405 1154 586 1233 magis
611 1153 931 1213 conducere
954 1153 1027 1212 ad
1052 1156 1416 1236 propositum
1448 1150 1656 1230 finem,
1691 1168 1752 1215 et
1791 1178 1924 1215 cum
1959 1157 2070 1216 illis
2096 1157 2257 1216 limi-

162 1247 514 1322 tationibuS,
567 1250 689 1308 sine
726 1248 932 1329 quibus
989 1249 1307 1330 perniciosa
1345 1250 1509 1309 fieret
1544 1251 1826 1329 ejusmodi
1873 1251 2253 1333 dispensati0‚

162 1355 339 1424 prout
366 1344 560 1402 ferunt
588 1342 745 1401 locus
765 1388 782 1416 ,
813 1354 1073 1424 tempuS‚
1097 1363 1356 1424 personae
1376 1389 1391 1418 ‚
1419 1356 1721 1426 ceteraque
1741 1345 2010 1423 adjuncta
2040 1348 2256 1405 omnia.

163 1441 283 1497 Hac
307 1460 445 1498 sane
471 1439 695 1498 ratione
724 1450 1006 1521 perpetuo
1036 1460 1096 1498 se
1123 1451 1426 1519 gesserunt
1452 1442 1698 1500 Romani
1735 1443 2038 1502 Pontifices
2063 1444 2128 1501 in
2148 1442 2260 1501 illis

159 1531 526 1592 facultatibus
556 1533 942 1592 concedendis
972 1534 1081 1612 (l).

159 1752 351 1816 injuria
366 1750 422 1816 fit
434 1750 493 1798 ab
509 1751 573 1797 iis
594 1786 608 1814 ‚
631 1753 716 1814 qui
742 1748 877 1798 illim
892 1752 1167 1798 interventa

159 1847 279 1896 opas
296 1846 396 1878 mm
413 1847 510 1878 esse
535 1830 827 1878 contendant
850 1866 868 1892 ‚
904 1839 964 1878 ut.
987 1829 1166 1879 Matri-

159 1914 322 1959 monia
353 1914 479 1959 inter
512 1921 674 1977 partes
697 1950 712 1973 ,
746 1912 941 1960 alteram
966 1911 1167 1961 catholi-

159 2012 264 2043 cam
292 2004 337 2043 et
360 1994 556 2043 alteram
586 1995 854 2044 hoereticam
870 2034 884 2056 ‚
913 1995 1041 2044 licite
1055 2011 1166 2055 cou-

152 2077 427 2126 trahantur.
458 2076 577 2126 Sane
593 2077 699 2126 Pius
728 2094 791 2127 vu
809 2113 827 2140 ,
849 2080 899 2126 in
925 2079 1168 2143 Rescripta

154 2159 219 2205 ad
246 2157 416 2224 Epi-sc.
456 2158 732 2207 Galliarum
772 2175 826 2225 ¹7
859 2159 996 2208 Febr.
1020 2157 1164 2227 1809,

153 2251 205 2288 ut
217 2251 370 2304 postea
387 2242 658 2301 videbimus,
674 2242 783 2306 ipsis
802 2241 1034 2306 Episcopis
1047 2241 1168 2288 hanc

155 2322 428 2387 denegatam
460 2323 601 2371 fuisse
629 2323 900 2372 facultatem
929 2323 1162 2383 affirmat,

155 2421 234 2462 ac,
259 2405 298 2450 si
323 2404 382 2451 ab
413 2406 511 2467 ipso
527 2414 754 2468 peteretur
764 2406 954 2453 facultas
980 2405 1165 2469 dispen-

157 2485 289 2533 sandi
330 2488 380 2532 in
424 2486 496 2534 his
543 2488 767 2551 conjugiis
783 2523 796 2545 ‚
846 2503 947 2532 eam
975 2488 1084 2549 ipsis
1117 2503 1164 2533 se

157 2568 485 2632 denegaturum
503 2570 760 2633 profitetur,
782 2568 936 2621 dicens
955 2567 1162 2634 :Quare‚

158 2652 205 2696 si
234 2666 264 2696 a
299 2649 449 2698 Nobis
471 2650 697 2714 petitioni
727 2647 842 2696 huic
870 2648 1160 2714 responden-

159 2728 272 2776 dum
299 2746 429 2777 nunc
451 2738 594 2790 esset,
611 2746 887 2794 responsum
911 2738 1032 2777 certe
1051 2732 1162 2777 nos-

157 2820 283 2858 trum
308 2828 337 2858 a
366 2814 605 2859 constanti
640 2811 784 2877 hujus
820 2819 1000 2861 sanctae
1023 2808 1163 2860 Sedis

157 2891 320 2956 requla
368 2902 412 2941 et
449 2893 848 2958 praedecessorum
894 2902 1160 2941 nostrorum

157 2972 365 3038 exemplo
405 2974 670 3039 aqendique
712 2977 897 3023 ratione
932 2974 1160 3022 dissidere

159 3070 257 3101 uon
272 3065 445 3119 posset.

222 3135 299 3196 -<l)
330 3135 436 3184 Pius
472 3154 515 3184 vn
536 3175 550 3197 ,
582 3139 633 3184 in
665 3138 908 3202 Rescripta
931 3141 988 3186 ad
1021 3137 1157 3187 Car-d.

161 3218 219 3266 de
236 3216 270 3264 F
274 3218 581 3284 ranckenberg
604 3219 744 3268 Arch.
762 3220 1158 3279 Mechliniensem‚

161 3310 401 3365 postquam
430 3312 718 3349 constantem
759 3302 969 3351 Ecclesiae
998 3303 1086 3351 hac
1111 3306 1162 3351 in

162 3399 210 3429 re
239 3382 527 3446 disciplinam
555 3402 608 3431 ac
645 3384 1023 3447 praedecessorum
1057 3403 1164 3433 suo·

164 3482 266 3511 rum
300 3467 481 3528 praxim
500 3465 737 3530 Episcopis
753 3465 899 3531 Belgii
931 3483 1025 3531 proe
1054 3484 1165 3515 ocu-

1256 1751 1415 1811 clarat,
1440 1752 1691 1816 paroehum
1712 1753 1991 1802 catholicum
2014 1792 2028 1814 ‚
2053 1757 2091 1803 si
2109 1755 2265 1804 Matri·

1256 1835 1466 1881 monium
1486 1834 1614 1881 nulla
1635 1836 1810 1882 ratione
1831 1836 2054 1899 impedire
2075 1837 2226 1885 valeat
2243 1876 2258 1896 ‚

1258 1916 1406 1963 eidem
1434 1915 1714 1963 materialem
1729 1933 1856 1964 suam
1887 1917 2104 1966 exhibere
2133 1936 2262 1983 posse

1260 1997 1542 2059 praesentiam
1569 2033 1583 2055 ,
1612 1996 1754 2043 modo
1784 2008 2022 2062 sequentes
2052 1998 2262 2048 observet

1256 2077 1458 2125 cautelas
1487 2093 1502 2124 z
1544 2085 1591 2124 1⁰
1625 2076 1686 2125 Ut
1714 2078 1793 2125 tali
1824 2077 2123 2128 Matrimonio
2166 2097 2261 2129 non

1257 2161 1437 2205 assistat
1458 2161 1507 2205 in
1532 2158 1634 2206 loco
1659 2175 1786 2206 sacro
1805 2193 1819 2217 ‚
1847 2176 1935 2207 nec
1952 2160 2106 2225 aliqua
2140 2178 2261 2211 sacra

1255 2250 1379 2288 veste
1406 2241 1595 2288 indutus
1614 2257 1628 2302 3
1644 2246 1698 2288 ut
1717 2243 1853 2289 etiam
1872 2242 2024 2291 nullas
2049 2243 2262 2293 Ecclesiae

1254 2338 1410 2385 preces
1441 2323 1624 2382 recitet,
1651 2339 1804 2387 neque
1828 2322 1923 2371 ullo
1947 2325 2085 2372 modo
2104 2327 2266 2391 conju-

1254 2403 1392 2467 gibus
1430 2402 1691 2450 benedicat.
1740 2418 1792 2450 20
1831 2403 1892 2452 Ut
1919 2422 2023 2469 pars
2053 2406 2263 2455 haeretica

1254 2485 1421 2547 scripto
1470 2500 1523 2531 ac
1559 2480 1822 2550 juramento
1866 2502 2022 2534 coram
2072 2488 2262 2536 testibus

1253 2567 1518 2628 promittat,
1537 2583 1583 2614 se
1606 2569 1951 2630 permissuram,
1982 2578 2036 2616 ut
2055 2587 2157 2633 pars
2182 2586 2260 2618 ca-

1254 2646 1422 2694 tholica
1436 2647 1703 2712 religionem
1723 2665 1853 2696 suam
1869 2648 2013 2697 libere
2036 2660 2260 2707 exerceat,

1252 2730 1496 2794 prolesque
1518 2747 1677 2778 omnes
1708 2734 1758 2778 in
1784 2749 1836 2779 ea
1863 2733 2093 2783 instituat.
2129 2732 2182 2780 3⁰
2205 2732 2266 2781 Ut

1253 2811 1462 2860 similiter
1504 2827 1605 2876 pars
1648 2811 1877 2860 catholica
1914 2814 2078 2864 eodem
2125 2814 2265 2862 modo

1251 2896 1489 2958 promittat
1517 2911 1564 2942 se
1586 2894 1675 2942 hoc
1699 2896 2000 2958 praestituram
2019 2932 2033 2955 2
2050 2904 2120 2951 *ut
2134 2912 2262 2943 com-

1251 2978 1390 3039 partis
1405 2978 1748 3024 conversionem
1776 2974 2017 3024 efficaciter
2032 2986 2262 3041 procuret.

1220 3121 1223 3123 v
1250 3056 1349 3105 Cfr.
1367 3056 1533 3114 Moser,
1570 3073 1647 3120 op.
1671 3059 1749 3104 cit.
1776 3074 1878 3121 pag.
1907 3053 1966 3104 61
1998 3053 2041 3104 et
2060 3071 2158 3121 seq.
2184 3055 2265 3104 Hae

1250 3155 1386 3204 porro
1419 3139 1605 3187 cautelae
1642 3142 1738 3205 jam
1771 3148 1954 3187 servatae
1994 3138 2173 3187 fuerant
2214 3141 2266 3186 in

1251 3221 1542 3270 Matrimonio
1574 3223 1690 3268 inito
1722 3238 1748 3268 a
1781 3219 1944 3267 Carolo
1978 3236 1994 3268 1
2029 3236 2138 3267 cum
2162 3218 2272 3268 Gal-

1250 3303 1338 3351 lica
1364 3301 1578 3351 Henricia
1598 3337 1611 3361 ,
1642 3302 1720 3349 cui
1751 3300 1960 3348 sacerdos
1984 3301 2172 3366 quidem
2187 3301 2270 3349 ad-

1254 3386 1370 3432 stitit
1393 3421 1406 3443 ,
1428 3383 1508 3432 sed
1535 3392 1663 3430 extra
1683 3379 1934 3450 Ecclesiam
1949 3417 1963 3442 ,
1983 3383 2044 3430 ita
2079 3380 2274 3430 utnulla

1253 3467 1357 3515 data
1375 3466 1526 3531 guerit
1542 3455 1799 3511 benedictio
1820 3462 2065 3528 nuptialis,
2093 3472 2147 3511 ut
2172 3462 2270 3510 fuse

162 3546 218 3592 lis
236 3548 484 3608 posuisset,
504 3557 556 3594 ut
571 3549 839 3606 ostenderet,
859 3565 906 3596 se
925 3566 1010 3596 nec
1033 3566 1162 3612 posse
1246 3548 1382 3597 refert
1410 3545 1586 3594 Bened.
1613 3561 1688 3592 xiv
1709 3580 1723 3600 ‚
1750 3542 1822 3593 De
1852 3544 2029 3609 synodo
2047 3579 2063 3603 ‚
2089 3544 2175 3592 lib.
2200 3556 2268 3593 vt,

164 3644 248 3674 nec
290 3627 405 3674 velle
447 3628 550 3674 talia
592 3630 783 3692 probare
820 3631 1065 3695 conjugia,
1094 3630 1167 3677 de·

1252 3648 1355 3694 cap.
1381 3628 1410 3677 5
1430 3667 1444 3689 ,
1470 3647 1518 3675 n.
1546 3629 1575 3678 5
1596 3665 1607 3686 ‚
1640 3631 1850 3694 quamvis
1882 3630 1972 3676 hoc
2003 3626 2271 3692 conjugium
