2508 4120
2083 161 2198 222 281

524 189 644 226 cAP.
690 191 755 225 11.
802 189 870 225 DE
914 187 1255 238 MA'rmmoml
1299 183 1769 224 PROPRIETATIBUS.

109 330 429 393 invaluerat
473 329 759 388 sententia
791 328 864 387 de
891 326 1265 387 dissolutione
1301 326 1546 404 conjugii
1588 324 1662 384 ob
1697 323 2057 402 *adulterium
2084 368 2100 398 .,
2138 345 2203 383 ac

108 436 414 509 propterea
450 423 800 483 consuetudo
835 421 982 480 illud
1016 419 1360 492 dirimendi,
1390 418 1530 501 quin
1565 419 1807 478 ulterius
1852 429 2199 500 quaererent.

107 521 278 601 Apud
325 520 555 578 Latinos
574 562 589 592 .,
629 517 952 598 praesertim
994 536 1133 575 vero
1174 514 1237 572 in
1284 513 1528 573 Ecclesia
1571 516 1831 572 Romana
1851 558 1867 586 ‚
1915 513 2203 574 contraria

112 614 398 674 sententia
433 624 492 672 et
528 612 718 693 praxis
748 618 1078 669 constanter
1114 607 1333 686 viguit
1366 607 1511 687 quin
1550 617 1750 665 tamen
1787 607 1894 665 hac
1925 607 1998 666 de
2036 628 2205 666 causa

110 729 371 789 unquam
391 707 579 766 Graeci
596 704 808 764 Latinis
824 701 1149 762 molestiam
1164 703 1511 773 creaverim,
1531 701 1769 787 propria
1787 701 2206 762 consuetudine

110 801 387 862 contenti.
430 801 576 859 Cum
600 820 739 860 vero
767 795 1189 856 1nsu1rexermt
1218 797 1649 869 ProtestanteS‚
1683 806 1743 854 et
1776 794 2082 855 Ecclesiam
2110 817 2208 856 er.-

108 893 253 956 roris
285 895 360 955 ob
396 896 548 955 hanc
580 887 911 953 doctrinam
933 889 1287 964 accusarint
1328 839 1649 948 Conciliuui
1679 888 2088 949 Tridentinum
2110 891 2208 951 ad·

108 1011 310 1052 versus
343 1011 438 1049 eos
475 988 1015 1048 directe'canonem
1055 982 1286 1061 emisit,
1325 1005 1440 1065 quo
1475 984 1735 1064 ipsorum
1773 983 2009 1043 audacia
2044 986 2208 1045 fran-

110 1095 341 1163 geretur
361 1130 378 1158 ,
421 1094 479 1142 et
505 1082 784 1141 indirecte
816 1091 883 1139 ut
910 1099 1150 1139 erronea
1183 1089 1243 1137 et
1271 1099 1451 1159 prava
1485 1078 1884 1138 traduceretur
1921 1080 2207 1141 sententia

108 1189 172 1239 et
203 1177 396 1260 praxis
439 1178 781 1236 Graecorum.
821 1174 1040 1233 Exinde
1063 1184 1257 1255 patet,
1305 1172 1648 1248 Ecclesiam,
1684 1173 1949 1253 quamvis
1994 1173 2209 1235 directe

109 1272 730 1331 anathemateGraecos
766 1290 887 1327 non
924 1267 1268 1350 perculerit,
1294 1266 1455 1325 nulla
1492 1278 1692 1327 tamen
1719 1268 1942 1327 ratione
1977 1280 2079 1327 aut
2108 1291 2208 1328 co-

109 1364 416 1425 honestare
456 1375 556 1422 aut
600 1363 846 1422 tolerare
878 1362 1107 1443 praxim
1156 1363 1486 1420 Graecorum
1524 1372 1805 1443 tanquam
1853 1361 2207 1442 legitimam,

111 1462 230 1518 imo
254 1478 487 1541 prorsus
516 1469 581 1516 ut
610 1479 770 1517 ream
796 1478 860 1516 ac
875 1478 1116 1537 pravam
1133 1455 1460 1530 traducere,
1492 1450 1696 1538 utpote
1719 1478 1849 1537 quae
1879 1469 2211 1539 opponatur

110 1554 386 1614 doctrinae
414 1551 756 1631 evangelicae
781 1562 841 1610 et
863 1549 1182 1631 apostolicae
1199 1595 1214 1623 ⁷
1246 1570 1372 1631 quae
1401 1550 1551 1607 hanc
1569 1550 1918 1610 solutionem
1933 1551 2200 1613 damnat.

108 1648 276 1722 Quod
302 1648 350 1707 si
377 1647 553 1706 Graeci
580 1657 827 1727 pergant
847 1645 926 1703 ita
948 1645 1162 1704 sentire
1186 1655 1244 1703 et
1275 1665 1440 1723 agere
1461 1689 1478 1718 7
1516 1665 1580 1703 ac
1604 1656 1911 1726 propterea
1939 1657 2207 1727 peccent,

116 1744 259 1803 dum
297 1744 377 1802 ita
412 1764 471 1801 se
508 1753 750 1821 gerunt,
777 1741 886 1799 nisi
910 1762 1006 1800 eos
1031 1738 1415 1799 ineluctabilis
1446 1740 1767 1818 ignorantia
1808 1752 2070 1818 excuset,
2100 1743 2218 1823 ipsi-

109 1838 398 1910 viderint3
432 1858 571 1894 nam
601 1836 664 1893 in
699 1834 809 1893 hoc
839 1856 971 1893 casu
1005 1833 1209 1892 eadem
1245 1834 1468 1892 ratione
1499 1833 1618 1892 haec
1649 1846 1883 1915 peccata
1921 1836 2105 1895 invite
2126 1847 2210 1894 to-

107 1930 262 1991 lerat
295 1930 559 2004 Ecclesia,
587 1940 755 2011 prout
772 1928 979 1987 tolerat
1001 1938 1219 1986 ceteros
1238 1939 1563 2008 peccatores
1590 1929 1700 2007 (l).
1731 1929 1878 1988 Hinc
1901 1931 2036 2004 ruit,
2053 1929 2210 2011 quod

123 2025 193 2088 ab
204 2025 543 2085 adversariis
564 2023 831 2083 subditur
853 2023 924 2083 de
941 2023 1102 2104 praxi
1117 2021 1489 2104 disciplinari7
1518 2045 1644 2104 quae
1662 2024 1919 2084 Ecclesiae
1931 2027 2209 2106 potestati

115 2118 444 2196 subjiciatur
465 2119 570 2199 (2).

181 2336 245 2399 (l)
284 2334 431 2400 Quare
472 2337 605 2383 etiam
643 2332 793 2395 Klee‚
826 2336 876 2382 in
916 2337 995 2382 cit.
1024 2334 1117 2381 dis-

113 2422 222 2465 sert.
245 2415 316 2464 De
348 2417 630 2465 Matrimon.
667 2415 913 2479 Moguntiae
955 2412 1112 2477 1833,

112 2517 216 2563 pag.
264 2496 329 2547 56
348 2536 361 2557 ‚
405 2508 512 2546 nota
557 2498 618 2559 (o)
640 2536 653 2552 ,
711 2499 948 2554 observat,
1008 2515 1118 2545 ana-

112 2582 266 2628 thema
281 2580 457 2628 Concil.
476 2579 730 2628 Tridentini
748 2596 843 2626 non
860 2577 995 2627 ferire
1010 2595 1084 2625 eos
1100 2612 1114 2635 ,

113 2666 193 2729 qui
219 2667 266 2710 in
286 2665 446 2711 falsam
471 2666 644 2728 praxim
666 2662 780 2727 lapsi
804 2671 910 2724 sunt
926 2697 941 2721 ‚
967 2678 1118 2726 neque

113 2762 187 2794 eos
212 2783 224 2804 ‚
252 2748 332 2810 qui
361 2746 557 2793 theorice
590 2746 833 2793 adstruunt
853 2745 1115 2791 dissolutio-

112 2843 220 2875 nem
240 2829 442 2891 conjugii
462 2862 475 2886 ,
508 2826 628 2873 male
646 2816 845 2890 'quidem
867 2825 947 2872 sed
964 2834 1118 2872 tamen

114 2906 447 2955 verisimiliter
471 2924 551 2955 seu
571 2910 696 2971 juxta
730 2907 991 2970 opinionem
1008 2941 1023 2964 ‚
1038 2904 1116 2953 scd

114 2988 217 3036 illos
230 2999 404 3036 tantum
422 3026 434 3050 ‚
465 2990 544 3054 qui
577 2989 829 3052 dogmatice
852 2986 1113 3047 affirmant,

115 3067 363 3117 Ecclesiam
391 3087 587 3118 errorem
605 3070 811 3116 docuisse
832 3079 909 3116 aut
931 3069 1113 3131 docere,

118 3148 231 3196 dum
265 3150 434 3210 tradit,
459 3149 664 3214 conjugia
684 3149 745 3197 ob
760 3150 1020 3199 adulterum
1045 3149 1115 3197 al-

118 3232 259 3278 terius
295 3235 539 3296 conjugum
599 3231 782 3278 dissolvi
830 3248 926 3278 non
966 3248 1111 3294 posse.

114 3310 250 3359 Certe
266 3348 280 3370 ‚
301 3315 450 3376 pergit
472 3315 570 3377 ipse
589 3349 605 3370 ‚
626 3315 816 3361 canonis
835 3314 1020 3360 materia
1038 3329 1112 3361 eos

115 3408 299 3458 quoque
317 3395 598 3458 perstringit,
632 3396 712 3459 qui
736 3394 853 3442 male
870 3404 1113 3458 operantur

113 3491 166 3522 ac
193 3476 453 3538 opinantur.
486 3473 585 3523 Cfr.
618 3484 770 3523 tamen
804 3474 983 3535 Collet,
1017 3475 1106 3526 loc.

115 3558 194 3607 cit.
222 3573 272 3603 n.
305 3552 400 3603 315
431 3565 474 3604 et
502 3573 628 3621 seqq.

185 3638 249 3701 (2)
286 3636 380 3687 Cfr.
426 3637 771 3703 Renaudotius,
819 3636 888 3686 De
932 3623 1114 3705 la'per·

1186 2335 1370 2399 patuit&
1407 2334 1465 2381 cle
1497 2334 1544 2382 la
1584 2336 1661 2398 foi
1675 2371 1692 2395 ,
1730 2335 1814 2385 liv.
1861 2355 1939 2397 vl,
1969 2336 2105 2402 chap.
2138 2355 2199 2404 7,

1193 2418 1275 2481 qui
1304 2425 1457 2462 tamen
1479 2417 1602 2479 plus,
1638 2434 1779 2482 quam
1806 2433 1886 2480 par
1902 2419 1977 2479 sit,
1996 2420 2206 2483 progredi

1195 2496 1406 2557 videtur3
1435 2499 1624 2556 etenim,
1658 2508 1961 2563 praeterquam
1991 2500 2113 2562 quod
2155 2502 2206 2547 in

1195 2576 1390 2624 dubium
1421 2588 1600 2626 revocat
1624 2579 1932 2640 additamenta
1962 2618 1976 2640 ‚
2004 2598 2106 2647 quae
2134 2583 2205 2631 le-

1194 2668 1364 2722 guntur
1407 2661 1457 2706 in
1499 2661 1619 2722 actis*
1640 2661 1828 2725 vulgatis
1872 2661 2066 2711 Concilii
2099 2662 2207 2712 Flo-

1195 2741 1392 2799 remini,
1436 2743 1486 2788 in
1530 2740 1861 2809 quibus-juxta
1890 2745 2012 2793 dicta
2058 2745 2206 2811 Euge·

1195 2825 1300 2870 nius
1325 2839 1370 2870 lv
1398 2824 1644 2889 exprobrat
1678 2824 1855 2874 ‚Graecis
1885 2829 2206 2892 conjugiorum

1195 2904 1540 2953 dissolutionem
1569 2917 1751 2971 propter
1778 2907 2062 2957 adulterium
2080 2946 2094 2969 ‚
2135 2909 2205 2957 af-

1194 2984 1369 3042 firmat,
1387 2987 1588 3036 liberum
1613 3007 1708 3037 esse
1729 2987 1898 3038 Graecis
1926 2990 2200 3055 degentibus

1195 3071 1279 3125 sub
1308 3070 1576 3119 Latinorum
1592 3073 1765 3121 ditione
1782 3089 1920 3121 novas
1945 3074 2066 3121 inire
2081 3090 2205 3137 nup-

1194 3154 1275 3200 tias
1295 3159 1395 3216 post
1413 3154 1656 3218 repudium
1674 3154 1906 3212 adulterae,
1942 3163 2022 3201 ant
2042 3154 2206 3202 saltem

1192 3235 1311 3281 nihil
1355 3235 1570 3284 adversus
1611 3236 1739 3283 hunc
1789 3253 1924 3283 usum
1977 3244 2205 3284 statutum

1191 3315 1348 3364 fuisse.
1366 3315 1467 3364 Jam
1486 3334 1612 3377 vero,
1635 3319 1702 3364 uti
1717 3317 1944 3376 observat,
1959 3315 2093 3377 Klee,
2109 3317 2202 3366 loc.

1190 3398 1270 3444 cit.
1287 3396 1503 3445 Clemens
1519 3412 1602 3444 vm
1623 3414 1745 3444 anno
1770 3393 2039 3462 1595jussit
2057 3400 2108 3446 in
2127 3401 2206 3446 in-

1190 3483 1440 3526 structione
1452 3479 1596 3539 dedit,
1616 3494 1756 3541 quam
1771 3494 1852 3541 pro
1871 3475 2200 3535 Italo-Graecis,

1188 3559 1370 3608 decreta·
1403 3559 1545 3610 Conc.
1594 3558 1850 3607 Tridentini
1909 3560 2100 3608 relativa
2144 3560 2202 3607 ad

1196 3644 1406 3707 conjugia
1437 3642 1551 3690 verti
1575 3642 1623 3688 in
1648 3658 1835 3705 graecam
1859 3642 2064 3706 linguam
2097 3639 2202 3689 vul-
