2508 4120
2076 253 2081 258 .
2130 193 2246 253 175

564 215 686 252 GAP.
735 213 793 254 V.
842 214 909 250 DE
953 212 1235 252 CAELIBATU
1278 211 1622 253 ECCLESIAST.
1669 212 1788 250 Ere.

122 382 254 422 eam
289 358 643 420 sententiam
673 357 1178 440 amplectendam,
1205 357 1415 418 exinde
1452 357 1630 417 etiam
1666 365 1828 438 patet
1864 354 2080 415 falsitas
2109 377 2246 416 con-

127 456 490 516 secutionum
509 499 526 530 ‚
551 475 694 535 quas
717 475 790 514 ex
814 454 926 513 illis
955 453 1329 513 deducebant
1353 454 1465 535 (l)

210 550 351 609 207.
381 552 523 609 [nst.
554 552 636 609 Ex
657 549 1011 631 physiologia
1037 559 1098 607 et
1125 548 1411 607 medicina
1437 569 1452 605 :
1484 549 1544 605 10
1574 548 1913 622 InstinctuS‚
1943 569 2058 630 quo
2083 571 2113 606 a
2136 569 2246 606 na-

130 657 260 704 tura
283 647 344 704 in
365 646 806 704 matrimonium
821 645 1061 704 ferimur
1082 689 1097 718 a
1123 653 1212 702 est
1239 664 1476 723 prorsus
1492 644 1895 702 irresistibilis
1927 665 2029 703 seu
2058 644 2250 704 in'vin·

130 741 351 814 cibilis3
385 741 451 798 20
482 741 619 799 hinc
641 740 866 800 caelibes
886 738 1207 798 innumeris
1229 758 1412 819 prope
1434 735 1653 796 morbis
1681 736 1915 796 obnoxii
1940 749 2099 814 sunt,
2125 760 2247 797 non

131 837 320 900 solum
346 838 600 918 corporis
618 883 634 912 7
670 837 773 897 sed
804 837 869 897 3⁰
892 848 952 896 et
977 835 1193 911 animi,
1219 855 1334 916 quo
1356 834 1422 891 fit
1450 844 1517 891 ut
1543 834 1738 891 rustici
1757 878 1773 908 7
1804 834 1995 893 tristes
2011 879 2029 911 ,
2061 836 2247 897 severi

132 952 203 990 ex
234 954 333 990 sua
360 931 675 993 solitudine
703 978 719 1007 ,
753 944 927 1014 atque
951 952 1020 991 ex
1051 951 1246 1013 pugna
1271 950 1447 1011 quam
1470 928 1755 987 sustinere
1780 928 2064 1008 coguntur
2086 975 2103 1005 ,
2130 930 2251 989 effi-

128 1028 363 1087 ciantur
399 1029 508 1109 (2).
550 1031 717 1109 Ergo,

215 1123 356 1182 203.
405 1126 573 1206 Resp.
615 1124 762 1204 Ney.
808 1124 954 1182 Cum
984 1122 1268 1202 ejusmodi
1304 1122 1679 1181 assertionem
1713 1119 1977 1180 falsitatis
2013 1143 2251 1203 prorsus

133 1232 380 1299 arguant
412 1221 707 1278 innumeri
741 1241 924 1300 prope
958 1218 1184 1278 caelibes
1215 1219 1517 1299 utriusque
1556 1239 1724 1277 sexus
1746 1263 1762 1292 a
1795 1217 1895 1298 qui
1927 1238 1998 1276 ex
2023 1217 2254 1275 confes-

135 1315 296 1373 sione
342 1315 600 1395 ipsorum
644 1313 1107 1375 adversariorum
1157 1315 1567 1372 intemeratam
1615 1324 1853 1372 servant
1897 1312 2247 1371 castitatem.

137 1410 296 1467 Inter
313 1419 532 1466 ceteros
558 1429 759 1467 recens
791 1421 991 1468 auctor
1020 1409 1282 1490 queritur
1305 1454 1320 1483 ,
1339 1412 1680 1467 maximam
1710 1409 1990 1466 coelz'hum
2011 1417 2254 1486 partem

135 1504 274 1562 hene
296 1506 485 1561 m'mis
504 1514 701 1562 votum
717 1507 1090 1563 continentiae
1110 1525 1346 1563 servare
1366 1502 1475 1584 (3).
1496 1504 1698 1583 Neque
1723 1502 2121 1562 omittendum
2136 1513 2250 1572 est,

134 1618 209 1656 ex
238 1595 535 1680 Principiis
574 1598 863 1677 religionis
904 1599 1200 1658 catholicae
1243 1601 1433 1657 Deum
1470 1598 1667 1678 gratiae
1713 1619 1830 1657 suae
1878 1596 2133 1656 subsidio
2184 1597 2253 1656 iis

131 1693 428 1770 omnibus,
454 1695 787 1776 quisincere
813 1717 987 1777 opem
1017 1706 1076 1754 et
1103 1693 1385 1753 auxilium
1414 1692 1487 1752 ab
1508 1715 1576 1753 eo
1592 1704 1931 1775 precantur,
1957 1693 2253 1775 suppetias

135 1790 320 1863 ferre3
361 1812 537 1851 nemo
577 1813 754 1873 porro
800 1792 908 1850 nisi
956 1790 1160 1850 atheus
1203 1812 1268 1849 ac
1314 1790 1689 1849 materialista
1731 1791 1837 1849 Dei
1872 1790 2161 1849 actionem
2189 1790 2254 1848 in

131 1899 427 1946 creaturas
468 1891 601 1946 suas
630 1889 951 1968 negaverit.
996 1881 1056 1946 Si
1094 1909 1299 1947 verum
1336 1898 1486 1947 esset
1529 1887 1992 1947 adversariorum
2036 1886 2254 1966 princi-

132 1983 296 2063 pium
325 2028 339 2054 .‚
371 1981 651 2061 gubernia
672 2029 687 2056 ‚
727 2005 854 2065 quae
883 1983 1148 2062 religioso
1179 1981 1463 2041 caelibatui
1488 1981 1785 2055 faverunt,
1811 1992 1899 2040 tot
1916 1981 2255 2063 hypocrita-

133 2099 264 2134 rum
302 2096 535 2136 causam
575 2079 823 2158 egissent
851 2125 866 2152 .‚
911 2079 1222 2160 omnisque
1253 2077 1486 2137 licentia
1522 2077 1922 2158 permittenda
1963 2077 2031 2134 iis
2069 2087 2254 2153 esset,

131 2173 231 2253 qui
272 2171 366 2231 vel
404 2174 845 2231 matrimonium
876 2173 1219 2232 contrahere
1244 2183 1580 2254 nequeunt,
1626 2183 1726 2230 aut
1759 2172 2016 2252 legitimo
2047 2171 2256 2230 matri-

130 2267 330 2326 monio
355 2268 441 2326 uti
465 2290 586 2326 non
619 2279 883 2350 possunt.
911 2268 1051 2342 Quis
1074 2279 1269 2328 autem
1307 2267 1457 2327 serat
1486 2267 1772 2346 ejusmodi
1798 2266 2051 2327 absurda
2079 2278 2257 2349 atque

130 2361 204 2420 ab
236 2362 531 2423 effraenata
555 2363 797 2424 libidine
832 2364 1089 2446 profecta
1128 2364 1410 2447 principia
1446 2363 1583 2444 (4)P

203 2634 266 2698 (1)
304 2633 404 2682 cfr.
426 2632 719 2699 Bianchiop.
746 2638 827 2683 cit.
860 2619 965 2699 pag.
998 2633 1098 2698 344
1113 2646 1156 2684 et

133 2732 268 2780 seqq.
298 2716 379 2763 ubi
411 2716 512 2764 haec
536 2727 807 2780 argumenta
842 2717 945 2765 fuse
969 2717 1157 2764 discutit

134 2809 179 2846 et
200 2798 436 2847 dissolvit.

199 2880 269 2943 (2)
308 2880 378 2928 Ita
399 2880 579 2928 Franck
607 2897 682 2945 op.
713 2883 789 2929 cit.
811 2880 893 2928 lez.
914 2896 931 2928 1
951 2917 964 2939 ‚
982 2890 1068 2928 art.
1100 2896 1151 2940 2,

137 2959 164 3025 ὃ
192 2977 249 3008 12
278 2980 411 3028 seqq.
439 2962 611 3011 Mahon
631 2999 645 3023 ‚
676 2962 932 3010 Medicina
966 2961 1112 3026 leqale
1129 2980 1153 3010 e

126 3043 315 3107 polizia
327 3046 515 3094 medica
534 3082 547 3105 ‚
567 3047 683 3094 trad.
705 3046 780 3094 dal
812 3046 1014 3094 francese
1027 3046 1150 3095 ediz-

138 3126 184 3186 3,
202 3125 370 3176 milano
401 3123 549 3186 1820,
571 3139 686 3177 tom.
718 3146 783 3189 iv,
809 3128 908 3176 Del
930 3128 1147 3187 oolibam,

137 3209 164 3276 ξ
187 3207 254 3272 84
275 3221 317 3258 et
340 3228 470 3277 seqq.
502 3223 707 3261 auctores
725 3230 800 3277 op.
818 3210 1152 3260 Dietionnaire

137 3292 217 3339 des
232 3292 434 3340 sciences
459 3294 741 3354 οηέιίίσαὶεε,
774 3296 904 3342 artic.
945 3292 1149 3354 calmae,

138 3390 191 3420 ac
213 3376 462 3438 praesertim
491 3385 598 3424 tom.
621 3393 694 3436 11,
717 3386 803 3424 art.
839 3374 1147 3427 Continence.

138 3454 216 3504 Sic
240 3459 375 3503 etiam
399 3455 497 3504 Jac.
526 3457 783 3507 Barzellotti
817 3461 867 3506 in
897 3475 974 3523 op.
1002 3460 1152 3522 Ques-

138 3539 264 3585 tz'oni
296 3538 351 3585 di
390 3538 631 3587 medicina
674 3540 850 3604 leqahz,
902 3541 1019 3588 ediz.
1050 3558 1111 3590 vn
1130 3576 1147 3602 ‚

141 3620 239 3668 Pisa
280 3617 430 3681 1836,
466 3632 580 3669 tom.
613 3639 660 3680 1,
695 3623 795 3671 lib.
841 3637 889 3682 1,
939 3619 1147 3686 Afrodi-

139 3701 336 3768 sioloqia
358 3721 384 3751 ο
430 3702 615 3752 Venere
638 3703 852 3768 forense,
901 3704 1011 3753 hinc
1043 3705 1152 3754 inde

1236 2653 1287 2684 ea
1321 2635 1478 2683 scribit
1521 2651 1624 2701 quae
1676 2652 1786 2684 cum
1828 2637 2118 2684 continentias
2150 2652 2255 2701 pro-

1236 2717 1435 2766 fessione
1473 2717 1707 2766 conciliari
1750 2728 2008 2783 nequeunt.
2047 2717 2125 2766 Sic
2175 2718 2254 2766 alii

1237 2803 1429 2866 passim.

1304 2882 1372 2947 (3)
1407 2882 1477 2931 Ita
1509 2893 1666 2931 auctor
1692 2901 1771 2948 op.
1813 2882 2169 2932 Continuation
2198 2883 2255 2931 de

1234 2962 1440 3029 l'Esprit
1459 2963 1540 3012 des
1564 2963 1671 3024 lois,
1699 2982 1802 3030 pag.
1827 2962 1911 3028 4ο.

1300 3047 1371 3109 (h)
1410 3045 1550 3093 Omni
1590 3045 1680 3112 ‘qua
1720 3050 1849 3111 potui
1890 3047 2124 3112 diligentia
2171 3061 2255 3094 ex-

1232 3121 1395 3193 pendi,
1426 3146 1526 3193 quae
1551 3128 1609 3176 ab
1636 3130 1897 3194 irreligiosis
1914 3145 1966 3177 ac
1986 3127 2254 3176 materialis-

1235 3216 1320 3268 tis,
1356 3212 1450 3258 sive
1476 3211 1759 3277 physiologis
1791 3213 1885 3259 sive
1922 3195 2112 3257 medic-is
2133 3247 2148 3272 ,
2181 3210 2254 3257 af·

1236 3293 1447 3340 feruntur
1469 3293 1684 3340 adversus
1719 3292 2012 3346 ces-libatum,
2047 3301 2091 3339 et
2124 3307 2256 3339 com-

1235 3377 1368 3439 peri,
1396 3392 1556 3422 eorum
1586 3374 1900 3423 conclusiones
1937 3371 2165 3422 deducere
2192 3374 2249 3422 ad

1235 3456 1467 3506 effraenam
1489 3458 1722 3506 licentiam
1748 3457 1798 3503 in
1827 3456 2086 3503 innumeris
2109 3454 2252 3521 prope

1235 3539 1415 3587 casibus
1438 3549 1483 3587 et
1512 3539 1741 3603 adjunctis
1759 3571 1773 3598 ,
1796 3538 1846 3584 in
1872 3537 2047 3601 quibus
2060 3554 2112 3585 ex
2130 3547 2250 3585 utro-

1236 3636 1331 3686 que
1351 3638 1470 3669 -sexu
1501 3617 1698 3685 quilibet
1731 3619 1927 3668 inveniri
1959 3618 2115 3668 debet.
2159 3616 2252 3664 Aut

1235 3705 1393 3771 itaque
1425 3706 1509 3768 ipsi
1542 3713 1703 3768 putant
1740 3720 1844 3753 vera
1895 3720 1989 3753 esse
2019 3702 2248 3767 principia
