2508 4120
392 173 515 211 CAP.
565 173 649 210 111.
699 170 766 207 na
811 170 1207 208 mrsnmnnns
1252 167 1611 223 mArmmomi,
1656 168 1774 208 mc.
2027 149 2146 209 333

24 312 384 399 peratoribus
447 313 691 373 ethnicis
747 323 874 370 tum
927 311 1001 370 ab
1075 311 1528 394 Imperatoribus
1586 310 1925 370 Christianis
1993 310 2083 392 (l)
2117 338 2136 386 ε,

25 412 90 470 40
119 422 345 470 constat
389 432 459 470 ex
498 409 691 490 legum
730 408 990 470 civilium
1032 408 1391 467 correctione
1412 452 1428 481 ,
1477 406 1840 480 irritatione,
1890 404 2138 488 amplia-

21 507 180 565 tione
199 551 214 579 ,
251 527 414 587 quae,
445 517 511 564 ut
533 504 785 566 vidimus
807 549 823 578 .,
855 525 962 586 per
987 507 1084 581 jus
1113 502 1459 561 canonicum
1484 501 1648 560 factae
1681 511 1821 559 sunt
1848 501 1997 560 circa
2021 502 2139 560 im·

20 601 392 681 pedimenta3
419 600 485 658 5⁰
507 610 670 681 patet
697 620 768 659 ex
789 598 913 680 ipsa
935 597 1143 681 agendi
1167 597 1394 655 ratione
1420 598 1851 677 Imperatorum
1878 617 1943 655 ac
1974 597 2140 656 Prin·

18 696 214 777 cipum
237 696 682 755 christianorum
701 739 718 769 ,
743 694 866 754 sive
889 694 951 752 in
986 691 1307 752 condendis
1338 690 1561 770 legibus
1584 691 1703 749 suis
1733 691 1812 751 ad
1841 713 2137 752 canonum

16 811 307 863 normam,
329 801 396 850 ut
418 789 596 850 robur
620 810 684 849 ac
703 789 1043 847 firmitatem
1060 786 1520 868 adipiscerentur
1540 786 1627 865 (2)
1641 829 1660 862 ,
1684 786 1807 846 sive
1830 787 1895 845 in
1922 809 2137 868 rogan-

17 884 103 942 dis
136 885 425 959 Conciliis‚
458 906 592 944 cum
625 893 897 965 optarent
925 881 1164 964 aliquod
1193 881 1690 963 impedimentum
1717 882 1993 942 constitui
2017 883 2132 964 (3).

95 979 235 1038 233.
288 981 353 1040 3⁰
394 981 659 1062 Denique
709 979 917 1039 eadem
957 979 1170 1040 veritas
1212 977 1536 1036 adstruitur
1586 999 1659 1037 ex
1704 977 2131 1056 incommodiS‚

18 1074 226 1156 quibus
257 1088 493 1156 urgetur
519 1075 987 1136 adversariorum
1013 1073 1373 1155 hypothesis,
1404 1074 1553 1133 Fieri
1586 1074 1745 1133 enim
1761 1096 1884 1133 non
1903 1087 2099 1156 potest
2111 1109 2140 1151 ,1

14 1182 79 1227 ut
116 1171 254 1231 scite
291 1170 562 1232 observat
611 1170 994 1231 Bellarminus
1039 1170 1164 1251 (4),
1212 1181 1280 1228 ut
1328 1168 1534 1228 eadem
1569 1179 1824 1252 potestas
1865 1191 2030 1252 aeque
2073 1181 2135 1230 et

15 1265 349 1326 immediate
382 1278 441 1326 et
484 1267 717 1348 proprie
746 1266 820 1326 ad
850 1265 967 1326 duo
995 1265 1223 1326 diversa
1252 1263 1568 1324 tribunalia
1604 1265 1919 1347 pertineat.
1962 1267 2134 1326 Utra-

15 1382 127 1441 que
162 1363 321 1420 enim
358 1374 507 1421 esset
545 1383 815 1444 suprema
856 1373 917 1421 et
956 1360 1364 1444 independens
1414 1362 1561 1420 circa
1607 1360 1767 1420 idem
1805 1361 2140 1440 objectum&

15 1456 375 1537 impossibile
413 1468 610 1516 autem
647 1469 736 1516 est
757 1503 772 1530 .‚
802 1469 869 1516 ut
905 1478 976 1516 ex
1009 1456 1226 1538 duplici
1252 1458 1400 1515 circa
1425 1457 1584 1516 idem
1612 1456 1908 1535 objectum
1941 1458 2016 1518 ab
2042 1459 2132 1517 in-

12 1551 198 1609 vicem
222 1550 647 1631 independenti
666 1573 732 1612 ac
747 1573 1017 1633 suprema
1040 1563 1330 1633 potestate
1348 1574 1471 1610 non
1490 1553 1754 1611 oriantur
1775 1553 2128 1623 collisioneS,

12 1646 88 1703 ita
116 1656 184 1703 ut
211 1645 390 1705 altera
414 1645 647 1727 probet,
677 1645 835 1728 quod
862 1645 935 1705 ab
961 1646 1143 1706 altera
1172 1656 1426 1707 vetatur.
1449 1647 1517 1704 In
1546 1667 1680 1706 casu
1696 1659 1895 1707 autem
1924 1660 2129 1709 nostro

13 1742 193 1821 magis
228 1741 422 1801 adhuc
458 1743 836 1802 manifestum
870 1743 936 1801 fit
957 1741 1428 1816 incommodum,
1462 1741 1621 1823 quod
1661 1764 1733 1802 ex
1768 1755 2129 1825 potestatum

11 1835 436 1895 conflictatione
486 1838 671 1896 oritur
690 1882 706 1911 ,
754 1858 887 1897 cum
925 1848 1127 1916 agatur
1176 1836 1250 1896 de
1296 1838 1654 1895 Sacramenti
1697 1838 1915 1897 valore.
1963 1837 2129 1902 Idem

10 1930 168 1989 enim
200 1932 533 2012 conjugium
571 1943 637 1990 ut
666 1953 871 1992 verum
907 1933 1351 1991 Sacramentum
1374 1931 1698 1992 haberetur
1732 1932 1806 1990 ab
1837 1932 2085 1994 Ecclesia
2104 1980 2124 2009 ‚

9 2025 166 2106 quod
188 2025 419 2085 nullum
449 2028 690 2086 omnino
716 2038 868 2087 esset
897 2049 961 2087 ac
979 2028 1158 2087 inane
1175 2032 1345 2106 juxta
1367 2028 1630 2107 regimen
1653 2027 1978 2109 politicum.
2010 2029 2126 2103 Qui

5 2121 114 2179 hac
146 2122 369 2181 ratione
397 2122 647 2204 nuptiali
669 2122 889 2183 foedere
915 2119 1207 2201 conjuncti
1232 2134 1425 2182 essent
1446 2168 1462 2197 7
1497 2124 1582 2182 rei
1604 2122 1853 2182 totidem
1881 2124 2126 2183 fornica-

0 2216 226 2275 tionum
248 2218 457 2276 fierent
488 2238 682 2276 coram
716 2220 838 2277 Deo
852 2222 1022 2295 juxta
1050 2217 1309 2277 Ecclesiae
1335 2218 1723 2295 sententiam,
1764 2220 1908 2278 citra
1938 2218 2124 2279 scelus

0 2333 137 2371 vero
152 2333 216 2370 ac
234 2312 491 2392 legitimo
506 2318 638 2391 jure
659 2324 966 2372 uterentur
983 2317 1151 2392 juxta
1175 2315 1530 2373 sententiam
1552 2313 1771 2395 politici
1796 2314 2119 2393 regiminiS‚

0 2418 100 2464 aut
126 2427 158 2465 e
184 2427 459 2469 converso
495 2407 785 2467 fornicarii
818 2419 1012 2467 essent
1045 2413 1211 2486 juxta
1254 2408 1426 2468 civile
1468 2407 1730 2467 tribunal
1776 2420 1836 2467 et
1865 2399 2121 2487 'legitimi

72 2598 135 2661 (t)
153 2596 273 2646 Sane
299 2596 499 2645 Ecclesia
523 2597 753 2662 protendit
770 2597 1014 2645 fines‘suos
1096 2597 1205 2645 cilio
1238 2596 1511 2646 Tridentino
1535 2634 1549 2659 ,
1583 2608 1635 2646 ut
1664 2597 1835 2665 duplex
1864 2603 2119 2651 constitue-

0 2680 118 2728 ultra
135 2679 354 2727 ditionem
375 2678 572 2727 Romani
601 2678 788 2743 Imperii
808 2715 820 2738 ,
855 2688 907 2726 ut
924 2695 1011 2726 no·
1094 2689 1163 2739 ret
1203 2680 1617 2745 impedimentum.

0 2771 99 2809 tum
138 2770 223 2808 est.
251 2761 390 2808 Porro
421 2777 528 2808 cum
556 2762 653 2824 ipsa
679 2759 799 2824 leges
827 2776 907 2807 seu
934 2776 1012 2806 ca·
1163 2761 1228 2825 (h)
1267 2760 1346 2809 De
1378 2763 1613 2811 Macrim.
1662 2780 1762 2828 cap.
1801 2779 1858 2811 21
1882 2802 1896 2825 ‚
1939 2783 1987 2813 n.
2026 2762 2115 2830 44.

0 2861 142 2892 nones
167 2853 401 2902 statueret,
434 2843 661 2892 statuebat
680 2861 761 2908 pro
792 2842 1012 2892 omnibus
1094 2843 1319 2909 Quamvis
1345 2861 1452 2894 vero
1472 2883 1485 2903 ,
1529 2856 1579 2894 ut
1625 2848 1836 2911 superius
1873 2846 2117 2896 adnotavi·

0 2924 167 2974 Christi
182 2927 416 2990 fidelibus3
438 2927 623 2993 quando
643 2937 879 2992 propterea
895 2944 1009 2976 con·
1093 2945 1198 2977 mus
1234 2965 1250 2992 ,
1298 2929 1543 2978 adversarii
1608 2931 1794 2978 nonnisi
1840 2931 2117 2980 indirectam

0 3009 211 3058 firmabat
254 3010 374 3076 leges
414 3010 648 3059 Romanas
677 3013 728 3059 in
762 3011 925 3061 ordine
951 3011 1010 3061 ad
1093 3009 1386 3076 Principibus
1418 3011 1624 3060 tribuant
1649 3021 1912 3076 potestatem
1938 3014 1988 3060 in
2012 3012 2113 3061 Ma-

0 3091 342 3140 Matrimonium
365 3130 378 3150 ,
403 3094 496 3140 vim
513 3094 622 3156 ipsis
636 3091 868 3158 obligandi
879 3110 1009 3143 com·
1092 3094 1366 3141 trimonium
1389 3128 1403 3151 ‚
1439 3102 1577 3158 prout
1606 3092 1959 3142 Sacramentum
2001 3104 2072 3142 est
2094 3129 2110 3152 ,

0 3172 295 3232 manicabat,
329 3176 394 3222 ita
416 3183 470 3222 ut
494 3191 633 3222 nemo
656 3177 707 3222 in
723 3177 1010 3225 conscientiae
1092 3175 1307 3223 tribuunt
1346 3185 1505 3224 tamen
1547 3193 1810 3242 supremam
1829 3213 1842 3236 ,
1875 3178 2112 3241 propriam

0 3255 98 3303 foro
120 3292 133 3313 ‚
158 3256 252 3302 sive
285 3255 407 3302 intra
433 3256 528 3304 sive
561 3264 686 3303 extra
730 3254 922 3320 Imperii
951 3257 1010 3304 fi-
1092 3273 1145 3305 ac
1184 3257 1501 3306 immediatam
1546 3260 1596 3305 iu
1635 3257 1762 3306 idem
1797 3258 2069 3323 conjugium
2090 3294 2107 3319 ,

0 3354 79 3385 nes
107 3374 120 3393 ‚
157 3353 232 3384 eas
260 3336 506 3402 infringere
535 3347 704 3402 posset.
1092 3349 1227 3403 prout
1272 3349 1339 3389 est
1393 3348 1650 3388 contractus
1700 3337 1891 3402 civilis3
1944 3341 2108 3389 merito

67 3418 133 3481 (2)
169 3416 271 3465 Cfr.
313 3416 488 3467 Gerdil.
529 3418 620 3467 loc.
672 3421 750 3467 cit.
795 3429 909 3484 part.
954 3436 1006 3481 1,
1093 3430 1331 3486 propterea
1379 3422 1626 3469 affirmavit
1646 3418 1956 3470 Bellarminus
1982 3458 1998 3482 ‚
2025 3423 2106 3471 ad·-

0 3498 24 3564 §
58 3516 74 3546 1
92 3516 107 3546 1
123 3534 137 3548 .
1094 3505 1212 3551 mitti
1237 3520 1333 3552 non
1362 3520 1492 3568 posse
1512 3504 1561 3550 in
1586 3501 1711 3550 idem
1739 3502 1973 3570 obJectum
1991 3503 2107 3553 duas

65 3579 130 3643 (3)
169 3580 267 3629 cfr.
303 3583 510 3645 superius
541 3581 660 3631 dicta
699 3584 817 3631 circa
853 3598 1007 3648 preces
1091 3595 1335 3651 potestates
1360 3602 1488 3651 aeque
1514 3601 1774 3650 supremas,
1810 3587 2016 3651 proprias
2052 3600 2104 3632 ac

0 3663 169 3715 oblatas
199 3682 225 3714 a
246 3665 423 3731 Legatis
453 3664 587 3730 Regis
619 3664 871 3715 Galliarum
885 3663 1012 3715 Con·
1094 3667 1398 3717 immediatas.
