2508 4120
274 167 389 228 138

984 188 1309 238 TRAGTATUS
1350 195 1418 231 ΒΕ
1461 195 1667 236 ORDINE
1676 223 1689 240 .

356 333 494 393 131.
543 336 614 393 Et
646 333 767 393 haec
814 331 1052 413 quidem
1090 335 1473 416 requiruntur
1493 385 1508 414 ,
1539 352 1606 399 ut
1638 340 1830 402 valida
1859 342 1934 400 sit
1969 343 2294 418 ordinatim,
2330 356 2394 403 ut

267 452 408 492 vero
437 431 510 487 sit
532 439 813 510 praeterea
835 428 1090 508 legitima
1111 477 1124 503 a
1143 430 1340 512 plures
1357 432 1480 493 aliae
1503 436 1860 498 conditiones
1879 440 2282 520 requiruntur,
2315 442 2391 501 de

269 524 478 607 quibus
499 523 722 582 consuli
740 537 988 605 possunt
1004 527 1330 586 Canonistae
1355 550 1419 587 ac
1436 529 1734 611 Th‘eologi,
1757 535 1854 615 qui
1878 534 2124 597 morales
2153 535 2394 595 tradunt

268 619 689 679 institutiones

352 714 489 773 132.
540 717 639 774 ΙΙΙ.
690 715 1000 798 Reliquum
1037 730 1156 792 est„
1200 730 1264 777 ut
1309 720 1596 779 nonnulla
1630 722 1985 803 attingamus
2008 725 2079 785 de
2124 727 2393 786 ministro

263 810 684 871 OrdinationiS.
723 814 828 872 Hic
868 825 1061 895 potest
1111 837 1233 875 esse
1270 816 1365 877 Vel
1402 817 1729 877 ordinarius
1766 819 1859 879 vel
1899 822 2393 883 extraordinarius

267 908 389 969 sive
428 930 500 967 ex
540 907 944 988 delegatione,
994 932 1228 970 rursum
1263 912 1359 972 vel
1393 912 1687 994 legitimus
1717 925 1805 974 est
1848 914 1934 975 vel
1967 905 2319 997 illegitimus.

353 1004 489 1063 133.
541 1005 739 1064 Totius
786 1027 960 1065 sacrae
1000 1007 1432 1084 Ordinationis‚
1482 1031 1608 1090 quae
1653 1032 1868 1093 nempe
1903 1033 2105 1072 omnes
2153 1014 2394 1074 omnino

265 1102 516 1162 Ordines
545 1103 968 1185 complectatur
998 1105 1119 1164 sive
1153 1111 1399 1185 majores
1440 1108 1561 1166 sive
1590 1108 1846 1167 minores
1869 1155 1884 1183 7
1921 1110 2255 1169 ministrum
2299 1134 2397 1169 or-

265 1198 565 1258 dinarium
602 1222 669 1258 ac
717 1201 1025 1282 proprium
1071 1223 1192 1260 esse
1238 1202 1427 1261 solum
1474 1204 1859 1286 Episcopum,
1910 1216 1974 1263 ut
2015 1227 2087 1264 ex
2137 1205 2396 1266 dicendis

263 1295 587 1371 constabit7
631 1296 705 1356 de
745 1296 858 1356 fide
894 1308 998 1356 est.
1039 1298 1180 1356 Tota
1209 1299 1385 1379 igitur
1416 1301 1657 1381 quaestio
1701 1312 1966 1361 versatur
2005 1304 2151 1360 circa
2187 1303 2396 1362 minis-

263 1402 426 1450 trum
470 1392 1000 1451 extraordinarium
1021 1439 1037 1469 ,
1091 1406 1287 1453 utrum
1333 1396 1547 1457 scilicet
1581 1398 1763 1479 possit
1798 1397 2107 1478 Presbyter
2144 1421 2215 1458 ex
2249 1421 2393 1459 con-

266 1491 525 1549 cessione
561 1511 661 1548 seu
706 1489 1067 1570 delegatione
1105 1492 1351 1550 Romani
1391 1493 1684 1553 Pontificis
1725 1493 1974 1553 Ordines
2004 1493 2287 1553 conferre.

353 1585 489 1644 134.
535 1588 706 1644 Nunc
747 1587 904 1644 inter
930 1608 1134 1645 omnes
1167 1586 1491 1646 Catholicos
1526 1587 1843 1667 Theologos
1873 1589 2179 1663 convenit7
2213 1608 2390 1670 posse

264 1680 678 1761 Presbyterum
707 1702 739 1739 a
773 1683 1036 1740 Romano
1066 1683 1343 1742 Pontifice
1377 1682 1631 1765 delegari
1656 1683 1730 1741 ad
1762 1683 2013 1742 Ordines
2046 1684 2300 1743 minores
2330 1705 2395 1742 ac

264 1775 755 1836 Subdiaconatum
795 1777 1177 1837 conferendos
1217 1779 1342 1860 (1);
1385 1779 1544 1860 quod
1589 1800 1729 1839 vero
1770 1790 1994 1859 spectat
2031 1778 2107 1836 ad
2143 1778 2391 1838 Ordines

265 1873 687 1948 liierarcliicOS‚
733 1896 852 1932 una
885 1879 1010 1952 jam
1048 1875 1267 1956 pariter
1308 1875 1600 1934 sententia
1638 1886 1725 1935 est
1764 1875 2188 1955 Theologorum
2217 1921 2233 1950 ,
2282 1874 2389 1934 hos

263 1970 515 2029 conferri
549 1991 670 2028 non
699 1991 867 2051 posse
899 1971 1012 2029 nisi
1035 1992 1068 2029 a
1095 1969 1219 2029 solo
1252 1971 1553 2053 Episcopo,
1593 1972 1651 2030 Si
1678 1972 1779 2053 qui
1806 1971 2043 2030 fuerunt
2065 1993 2136 2030 ex
2169 1971 2392 2032 veteri-

261 2062 371 2124 bus
393 2064 745 2125 scholasticis
774 2078 833 2125 et
854 2066 1167 2125 canonistis
1194 2067 1294 2148 qui
1320 2066 1626 2126 docuerint
1645 2112 1661 2142 7
1689 2088 1860 2149 posse
1890 2069 2219 2126 Romanum
2245 2069 2391 2125 Pon-

264 2160 479 2220 tificem
517 2160 783 2241 delegare
818 2161 1228 2242 Presbyterum
1266 2161 1339 2221 ad
1368 2162 1799 2242 inaugurandos
1825 2163 2104 2220 Diaconos
2122 2172 2188 2220 -et
2220 2164 2389 2220 Pres-

262 2253 497 2335 byteros
527 2256 618 2337 (2)
644 2302 658 2332 ,
676 2256 904 2335 jamdiu
929 2242 1177 2316 istorum
1205 2279 1524 2340 paucorum
1546 2258 1835 2318 sententia
1860 2256 2113 2317 obsoleta
2135 2268 2255 2334 est,
2282 2278 2389 2317 nec

262 2480 478 2529 germano
495 2463 623 2532 fratri
640 2462 1286 2530 S.l:lieronymi‚Pauliniano‚

263 2544 315 2595 S.
339 2546 554 2606 Paulino,
575 2546 622 2595 S.
643 2547 900 2611 Augustino
920 2585 933 2607 ,
955 2543 1151 2612 aliisque
1169 2547 1289 2595 mul-

263 2631 338 2678 tis.
359 2629 458 2679 Cfr.
475 2631 653 2695 Lupus,
674 2630 784 2679 diss.
806 2635 885 2679 cit.
906 2632 986 2678 De
999 2631 1291 2679 Latinorum

263 2713 562 2760 continentia
582 2752 599 2774 ‚
630 2731 730 2778 cap.
764 2730 805 2775 1,
833 2732 918 2762 nec
936 2731 1032 2762 non
1055 2713 1283 2773 Morinus‚

265 2812 344 2859 op.
366 2796 446 2842 cit.
478 2805 599 2859 part.
633 2810 720 2850 111,
758 2798 951 2844 exercit.
975 2813 1020 2842 xi
1049 2833 1061 2855 ‚
1098 2813 1197 2860 cap.
1236 2811 1286 2853 2,

267 2879 347 2943 qui
379 2875 514 2941 longe
548 2879 681 2943 plura
699 2879 803 2926 allia
822 2877 1035 2942 exempla
1058 2880 1253 2941 profert.
1299 2913 1302 2916 -

333 2960 403 3024 (1)
442 2960 540 3010 Cfr.
562 2961 839 3010 Benedictus
856 2977 947 3021 xiv,
972 2958 1053 3007 De
1066 2956 1284 3024 SynozIo,

265 3043 354 3092 lib.
378 3059 438 3104 n,
467 3060 570 3109 cap.
597 3059 647 3091 11
672 3081 684 3104 ‚
709 3041 736 3109 ᾗ
770 3061 845 3110 19.
878 3042 979 3091 Cfr.
1006 3045 1142 3090 etiam
1160 3043 1286 3090 Mar-

267 3137 363 3175 ten.
393 3144 472 3192 op.
501 3126 655 3175 etloc.
687 3129 766 3174 cit.
789 3143 893 3191 cap.
915 3123 947 3173 8
967 3164 980 3186 ,
1002 3136 1088 3174 art.
1110 3124 1158 3186 5,
1184 3122 1212 3191 ξ
1243 3142 1257 3171 ι
1274 3160 1286 3173 .

349 3209 415 3274 (2)
454 3209 521 3258 Ita
551 3219 827 3258 censuerunt
864 3219 1071 3257 auctores
1112 3208 1283 3257 Glossae

270 3295 321 3339 in
348 3310 461 3349 can.
485 3294 675 3341 Manus
711 3309 893 3358 quoque
921 3294 1251 3356 impositionis
1271 3330 1284 3350 ‚

268 3373 339 3422 De
366 3392 572 3425 consecr.
598 3376 700 3424 dist.
726 3374 775 3423 5.
807 3376 1106 3424 Innocentius
1135 3391 1182 3421 iv
1200 3411 1213 3433 ‚
1239 3377 1289 3422 in

267 3466 406 3521 caput
452 3458 634 3523 Quinto
654 3499 665 3519 ‚
699 3459 756 3507 de
794 3459 1138 3508 consuetudine
1158 3496 1172 3515 ,
1207 3462 1287 3524 qui

269 3539 481 3587 eamdem
515 3546 791 3590 sententiam
812 3542 972 3591 tribuit
1004 3544 1144 3590 etiam
1183 3539 1286 3606 Syl-

266 3633 416 3671 vestro
449 3625 644 3688 antiquo
676 3628 922 3674 canonistae
952 3642 965 3674 ε
1011 3623 1249 3690 Sylvester
1269 3665 1285 3685 ,

268 3706 486 3771 inquiens
510 3745 522 3766 ,
560 3705 690 3754 dixit
710 3745 723 3767 ‚
754 3709 878 3772 quod
905 3725 964 3756 etv
998 3707 1288 3771 deleqatione

1371 2461 1585 2511 Domini
1613 2463 1766 2528 Papoe
1785 2501 1797 2523 ‚
1818 2471 1863 2510 et
1879 2463 2178 2511 adminiculo
2209 2460 2388 2514 Sacra-

1370 2547 1523 2594 menti
1551 2545 1737 2607 habiti,
1772 2545 1968 2610 quilibet
1984 2546 2187 2594 clericus
2212 2555 2386 2611 potest,

1369 2628 1607 2695 quidquid
1635 2628 1810 2689 habet,
1854 2631 1959 2695 ipse
2005 2629 2236 2694 conferre.
2271 2630 2388 2679 Item

1370 2712 1572 2777 Angelus
1610 2712 1669 2760 de
1706 2712 1914 2760 Clavasio
1952 2714 2002 2760 in
2022 2710 2259 2772 Summa,
2295 2728 2385 2759 nec

1370 2812 1466 2842 non
1497 2795 1631 2859 Hugo
1673 2805 1716 2842 et
1749 2794 2006 2857 Hugolinus
2034 2797 2212 2858 antiqui
2242 2811 2380 2841 cano-

1369 2880 1500 2924 nistae
1524 2913 1539 2938 ‚
1569 2876 1740 2941 aliique
1781 2877 1915 2939 pauci
1956 2875 2081 2939 apud
2117 2874 2363 2923 Morinum

1370 2960 1560 3006 exercit.
1590 2965 1635 3005 iv
1660 2995 1674 3016 ‚
1707 2973 1810 3021 cap.
1838 2958 1884 3005 3.
1915 2956 2036 3004 Hinc
2057 2956 2230 3005 Natalis
2250 2959 2381 3007 Alex.

1369 3041 1479 3089 diss.
1500 3057 1625 3099 xuv,
1655 3042 1704 3087 in
1722 3039 1919 3104 append.
1950 3039 2006 3087 de
2035 3039 2384 3106 Chorepiseopis

1370 3124 1573 3172 scribit:
1617 3122 1728 3170 Non
1773 3121 2089 3187 improbabile
2131 3124 2291 3170 visum
2318 3132 2388 3171 est

1369 3207 1517 3255 doctis
1542 3205 1829 3272 quibusdam
1847 3206 1970 3252 viris
1993 3242 2006 3264 ‚
2025 3205 2269 3271 simplices
2287 3204 2381 3255 Sa-

1368 3291 1575 3340 cerdotes
1601 3291 1794 3338 Summi
1810 3289 2070 3350 Pontifici-s
2097 3288 2385 3353 deleqatione

1363 3390 1502 3440 posse
1527 3373 1651 3420 alios
1666 3372 1910 3420 ordinare.
1936 3371 2186 3418 Recensitis
2214 3372 2381 3419 deinde

1370 3457 1511 3521 hujus
1529 3458 1766 3504 sententiae
1783 3455 1981 3518 patronis
1999 3491 2012 3513 ‚
2031 3471 2145 3518 quos
2165 3454 2381 3500 nomina-

1371 3541 1549 3599 vimus,
1582 3557 1636 3587 ac
1667 3547 1878 3604 praeterea
1907 3536 2135 3584 Bernardo
2168 3537 2217 3582 in
2247 3551 2270 3580 1.
2295 3533 2379 3582 De-

1371 3624 1609 3670 cretalium
1643 3660 1655 3681 ‚
1698 3620 1941 3668 Guilielmo
1984 3617 2328 3669 Altisiodorensi
2364 3654 2377 3676 ‚

1371 3705 1506 3755 Petro
1539 3704 1737 3755 Aureolo
1757 3744 1769 3765 ‚
1791 3707 1978 3758 Nicolao
2001 3709 2057 3757 de
2083 3703 2278 3754 Orbellis
2294 3740 2307 3764 ‚
2337 3712 2380 3750 et
