2612 4146
2195 213 2275 273 ⁶23

765 231 834 266 lm
878 229 1377 268 INDULGENTIARUM
1419 230 1680 267 EFFEGTU.

165 381 403 431 mantur
463 392 532 430 ex
587 369 835 428 formula
897 371 957 428 in
1003 375 1136 448 jure
1197 360 1411 452 passim
1473 381 1747 453 usurpata
1777 416 1794 446 ‚
1859 375 2027 450 juxta
2093 395 2271 456 quam

166 466 533 544 Indulgentia
563 462 898 523 conceditur
927 466 996 523 de
1020 470 1398 544 poenitentiis
1426 469 1720 544 injimctis
1737 508 1760 538 ,
1804 487 2017 548 nempe
2042 489 2075 529 a
2101 473 2234 546 jure
2253 514 2272 544 ,

163 572 231 618 ut
261 559 456 642 plures
488 580 594 621 nec
622 556 901 638 ignobiles
926 559 1200 638 Theologi
1224 571 1284 618 et
1310 561 1633 619 Canonistae
1661 572 1997 642 exponunt3
2034 562 2272 624 evidens

166 678 341 738 porro
368 655 431 716 id
465 657 533 714 fit
573 677 645 715 ex
681 654 1060 733 Indulgentiis
1095 654 1473 737 partialibus,
1512 655 1723 736 quibus
1756 656 2048 717 relaxatur
2075 661 2269 742 poeni-

165 751 348 810 tentia
377 761 590 829 septem
619 771 708 808 ex.
751 772 834 828 gr.
867 770 1171 810 annorum
1198 759 1254 807 et
1288 750 1527 809 totidem
1555 751 2131 832 quadragenarum,
2155 775 2269 837 qua

163 844 408 904 formula
443 854 641 926 aperte
675 843 955 902 alluditur
978 842 1055 905 ad
1089 842 1503 923 poenitentiam
1531 846 1869 905 canonicam
1889 891 1912 921 *a
1944 852 2103 926 cujus
2133 871 2268 930 pars

164 939 591 999 remittebatur.
630 940 696 997 4ο
731 938 797 997 Id
828 938 1067 996 demum
1097 934 1401 1015 conficitur
1428 957 1497 995 ex
1528 940 1754 998 ratione
1774 983 1790 1013 .,
1825 959 2003 1020 quam
2038 941 2274 1004 adducit

165 1035 571 1095 Tridentinum
590 1079 606 1108 ,
637 1054 714 1094 ne
736 1032 915 1093 nimia
948 1031 1023 1088 sit
1048 1029 1153 1089 has
1183 1029 1578 1111 indulgentias
1606 1032 1962 1097 concedendi
1986 1035 2224 1096 facilitas
2250 1083 2268 1112 a

163 1150 240 1188 ne
267 1129 481 1189 scilicet
509 1137 817 1191 enervetur
850 1126 1196 1204 dz'sez'pZina.
1238 1126 1384 1198 Quae
1414 1147 1590 1206 porro
1625 1125 1944 1208 disciplinae
1969 1133 2269 1190 enervatio

164 1224 303 1302 fingi
340 1233 441 1285 aut
480 1220 704 1301 concipi
741 1229 966 1300 posset,
1005 1219 1054 1278 si
1091 1219 1471 1299 indulgentiae
1502 1242 1623 1281 non
1653 1234 1846 1286 essent
1883 1244 2042 1284 mera
2071 1226 2267 1305 poeni—

162 1318 356 1376 tentiae
375 1315 661 1374 canonicae
694 1313 1016 1374 relaxatio?
1046 1315 1210 1393 Ergo.

239 1410 339 1470 46.
389 1412 561 1491 Resp.
616 1408 690 1467 ad
735 1411 814 1468 11¹²
844 1454 863 1485 ‚
926 1410 989 1467 1ο
1045 1410 1102 1469 T
1096 1431 1257 1472 rans.
1305 1415 1453 1488 maj.
1507 1413 1640 1491 neq.
1695 1416 1850 1474 min.
1908 1414 2260 1475 Poenitentia

158 1505 315 1565 enim
340 1515 504 1565 vetus
525 1504 797 1563 canonica
815 1525 951 1564 vere
966 1505 1143 1563 etiam
1163 1503 1501 1566 *dimittebat
1518 1526 1759 1587 poenam
1784 1507 1846 1564 in
1872 1506 1998 1566 foro
2028 1508 2264 1568 interno

158 1611 218 1659 et
247 1621 440 1659 coram
460 1601 580 1658 Deo
604 1643 620 1673 ,
641 1611 709 1658 ut
731 1609 895 1680 patet
925 1620 996 1660 ex
1017 1599 1138 1679 ipsa
1172 1598 1540 1680 poenitentiae
1563 1612 1772 1660 natura
1799 1646 1815 1676 ,
1852 1623 1980 1683 quae
2004 1602 2269 1662 ordinata

156 1706 245 1755 est
277 1693 356 1754 ad
384 1715 575 1776 poenae
615 1694 1043 1775 expiationem,
1094 1694 1182 1752 uti
1216 1694 1771 1769 animadvertimus3
1818 1695 1949 1756 ideo
1983 1719 2121 1758 vero
2155 1719 2270 1780 pu-

155 1789 320 1850 blieae
359 1790 548 1871 poenae
594 1789 1037 1864 indicebantur,
1085 1800 1153 1847 ut
1185 1810 1292 1870 pro
1326 1788 1490 1848 illato
1534 1790 1806 1850 scandalo
1839 1792 2163 1852 satisfieret.
2200 1792 2268 1852 Id

161 1885 353 1965 ipsum
392 1895 556 1965 patet
591 1895 872 1965 praeterea
914 1905 984 1943 ex
1014 1904 1116 1960 eo,
1153 1883 1310 1965 quod
1338 1883 1434 1942 illa
1472 1883 1701 1965 publica
1746 1887 2095 1967 poenitentia
2129 1908 2274 1949 con-

159 1981 426 2041 stitueret
447 1981 894 2043 satisfactionem
919 1979 1079 2043 illam
1096 2025 1112 2055 a
1145 2001 1272 2062 quae
1291 2002 1425 2062 pars
1442 1992 1565 2045 erat
1585 1981 1881 2061 integralis
1910 1984 2269 2042 Sacramenti

159 2076 563 2149 Poenitentiae,
609 2076 816 2135 saltem
851 2086 1138 2157 quatenus
1175 2075 1448 2134 Sacerdos
1499 2096 1605 2157 per
1656 2075 2084 2135 absolutionem
2137 2099 2268 2136 eam

159 2168 486 2251 applicabat
521 2171 892 2229 Sacramento
914 2216 929 2245 ,
966 2179 1024 2228 et
1064 2170 1116 2228 ei
1161 2170 1285 2229 vim
1320 2173 1515 2248 operis
1553 2177 1783 2249 operati
1813 2169 2124 2231 tribuebat.
2159 2173 2269 2231 Ca-

157 2284 341 2323 nones
363 2287 537 2346 porro
562 2286 808 2324 numero
835 2274 894 2323 et
918 2261 1188 2343 gravitati
1211 2263 1521 2322 criminum
1554 2285 1757 2346 parem
1787 2286 2027 2346 poenam
2058 2267 2273 2348 irroga-

155 2356 301 2417 bant
332 2360 441 2440 (1).

241 2455 339 2514 47.
382 2458 555 2536 Resp.
597 2456 665 2514 2⁰
704 2456 852 2536 Ney.
902 2461 1049 2534 maj.
1092 2456 1333 2514 Constat
1369 2454 1526 2513 enim
1582 2475 1652 2513 ex
1682 2454 1833 2513 facto
1871 2455 2158 2518 Corinthii
2187 2443 2296 2516 in-'

165 2549 408 2606 cestuosi
444 2550 646 2608 datam
669 2570 791 2609 esse
832 2550 1262 2629 indulgentiam
1299 2559 1436 2606 ante
1465 2548 1830 2628 poenitentiae
1859 2550 2148 2609 canonicae
2169 2551 2267 2609 in-

167 2643 530 2705 stitutionem
539 2648 704 2721 juxta
724 2654 1103 2724 potestatem,
1129 2663 1304 2722 quam
1319 2641 1622 2722 Apostolus
1639 2663 1670 2699 a
1703 2641 1933 2701 Christo
1950 2657 2272 2725 acceperat.

164 2738 313 2796 Sane
342 2738 390 2795 si
425 2737 670 2800 Ecclesia
703 2758 812 2818 per
848 2731 1278 2815 indulgentiam
1319 2757 1440 2794 non
1469 2737 1796 2795 remitteret
1828 2736 1940 2795 nisi
1972 2739 2273 2819 poeniten-

162 2832 302 2893 tiam
340 2832 679 2896 canonicam
717 2833 779 2890 in
810 2831 934 2891 foro
964 2842 1207 2893 externo
1227 2875 1243 2904 ,
1286 2829 1450 2889 nulla
1482 2835 1632 2890 esset
1663 2830 1809 2889 ratio
1831 2876 1847 2905 ‚
1882 2852 1985 2890 cur
2011 2832 2271 2914 applica-

161 2936 369 2988 rentur
393 2925 562 2990 nobis
588 2926 656 2989 in
683 2924 1186 3006 indulgentiarum
1201 2925 1575 2986 concessione
1596 2925 1814 2985 Christi
1835 2936 1894 2985 et
1921 2927 2269 2986 Sanctorum

238 3129 304 3192 (l)
340 3129 411 3178 Ab
438 3132 569 3178 initio
584 3129 886 3178 institutionis
905 3130 1177 3194 poenitentiae

171 3212 398 3263 eanunicae
414 3211 615 3273 maechis,
643 3211 1012 3263 inidololatriam
1039 3209 1178 3275 lapsis

172 3299 216 3338 et
228 3287 466 3342 homicidis
478 3310 559 3359 per
576 3309 768 3345 canones
784 3311 916 3357 poena
935 3295 1179 3341 constituta

172 3372 294 3426 suit,·
321 3383 471 3435 postea
499 3384 654 3423 tamen
681 3375 758 3423 alii
787 3391 984 3423 canones
1014 3375 1181 3439 adjecti

171 3461 314 3510 sunt,
355 3454 399 3500 vi
438 3471 633 3520 quorum
665 3473 807 3520 poenae
844 3457 1006 3519 pariter
1027 3454 1174 3519 subji-

173 3532 412 3582 ciebantur
448 3534 643 3584 aliorum
668 3538 914 3585 criminum
932 3538 1029 3596 rei,
1058 3552 1177 3601 prae-

174 3616 326 3662 sertim
357 3615 507 3680 quoad
543 3628 722 3680 peccata
760 3619 966 3683 publiea.
990 3617 1071 3664 Hae
1094 3635 1177 3665 au-

174 3703 264 3743 tem
296 3696 461 3761 regulae
491 3698 876 3762 imponendamm
904 3699 1177 3748 satisfactio-

1260 3147 1375 3176 num
1404 3146 1486 3193 pro
1509 3131 1706 3194 peccatis
1732 3129 1929 3193 publicis
1960 3129 2275 3179 inserviebant

1261 3213 1399 3260 etiam
1428 3209 1752 3260 Sacerdotibus
1782 3211 1840 3258 ad
1878 3210 2061 3257 easdem
2098 3211 2277 3259 satisfa-

1262 3294 1434 3340 ctiones
1462 3293 1771 3358 injungendae
1799 3294 1886 3352 iis,
1914 3293 2002 3355 qui
2024 3308 2070 3339 se
2084 3292 2273 3341 occultis

1262 3383 1444 3421 tantum
1473 3374 1620 3438 culpis
1659 3371 2130 3421 commaculaverant.
2168 3372 2270 3421 cfr.

1258 3454 1508 3516 Morinus,
1536 3471 1613 3519 op.
1646 3457 1723 3502 cit.
1761 3452 1858 3500 tab.
1888 3468 1954 3500 vu
1977 3490 1991 3508 ‚
2012 3469 2116 3509 cap.
2145 3468 2202 3500 αι
2226 3463 2270 3501 et

1257 3553 1388 3602 seqq.
1418 3546 1519 3583 tum
1537 3537 1674 3583 etiam
1704 3531 1975 3598 Descriptio
2003 3540 2048 3580 et
2074 3549 2273 3580 enarra-

1256 3619 1324 3666 tio
1352 3616 1574 3664 codicum
1596 3630 1709 3663 mss.
1731 3613 2163 3680 poenitentialium,
2181 3621 2273 3661 etc.

1258 3698 1316 3747 ad
1341 3698 1510 3746 calcem
1541 3699 1686 3761 operis
1720 3696 1801 3744 De
1819 3695 2138 3746 Paenitentia.
