2508 4120
297 113 416 173 280

925 129 1247 168 TRACTATUS
1291 131 1360 166 DE
1403 128 1780 170 Marnluonm.

296 278 470 335 subd.
517 269 787 330 nonnulli
817 271 1107 329 temerarii
1146 281 1206 329 et
1255 270 1658 329 haereticorum
1705 271 1996 346 fautore3.,
2035 295 2234 344 conc.;
2269 297 2405 337 vere

295 365 589 440 catholici,
621 386 749 445 neg).
781 366 930 423 Cum
954 375 1071 424 tres
1097 365 1319 446 priores
1346 365 1684 445 scripserint
1701 410 1718 439 ‚
1763 375 2080 447 antequam
2101 389 2132 427 a
2156 371 2406 430 Concilio

294 459 640 520 Tridentino
665 480 876 534 canon,
903 459 976 519 de
1004 481 1119 541 quo
1142 459 1383 539 agimus,
1421 459 1766 519 constitutus
1793 472 1942 519 esset
1969 506 1986 534 ,
2018 461 2209 542 aliqua
2237 467 2407 525 venia

293 556 453 635 digni
486 565 625 613 sunt
648 599 664 627 ,
708 557 1035 636 praesertim
1063 576 1202 615 cum
1238 576 1440 614 omnes
1477 555 1704 614 disertis
1739 555 1932 615 verbis
1963 577 2023 614 se
2059 555 2411 634 subjecerint

293 651 552 711 Ecclesiae
578 649 797 729 judicio
836 652 948 730 (1).
998 652 1271 711 Ceterum
1311 652 1651 729 Cajeta'num
1683 663 1742 710 et
1774 651 2156 710 Catharinum
2181 653 2415 714 novita-

293 757 423 805 tum
466 767 717 829 aucupes
762 745 893 828 plus
941 766 1106 828 aequo
1154 746 1327 806 fuisse
1373 747 1584 828 saepius
1624 745 2063 820 adnotavimu83
2110 749 2414 808 Erasmum

297 864 438 902 vero
460 864 583 901 non
599 840 965 921 theologum,
988 840 1091 900 sed
1106 842 1551 921 grammaticum
1572 841 1744 901 fuisse
1762 886 1779 917 ,
1816 842 2247 923 quodammodo
2273 865 2415 925 prae-

290 937 668 997 formatorem
699 947 788 995 tot
820 957 1086 995 errorum
1107 981 1123 1011 a
1154 958 1300 1018 quos
1320 948 1521 1019 postea
1545 936 1831 996 Lutherus
1861 937 2159 1019 adoptavit
2187 960 2252 998 ac
2282 961 2415 998 suos

291 1034 426 1093 fecit
447 1079 462 1108 ‚
505 1032 642 1092 alias
676 1031 896 1115 pariter
929 1032 1379 1107 admonuimu53
1415 1032 1573 1091 inter
1619 1030 1723 1090 hos
1756 1042 1957 1092 autem
1994 1043 2053 1091 et
2090 1031 2190 1091 ille
2231 1033 2417 1092 adnu-

290 1140 552 1188 meratur
576 1127 649 1186 de
673 1127 922 1206 conjugii
951 1125 1330 1187 dissolutione
1349 1138 1593 1208 propter
1623 1125 1981 1186 adulterium
1998 1127 2106 1207 (2)
2128 1128 2416 1206 Launojus

294 1245 472 1305 porro
499 1222 690 1282 audax
725 1234 784 1282 et
824 1222 1227 1304 intemperans
1257 1222 1484 1281 criticus
1517 1243 1640 1280 non
1670 1221 1967 1283 dubitavit
2006 1243 2238 1282 causam
2276 1226 2418 1306 1)Γο-

298 1319 646 1378 testantium
692 1338 896 1398 agere,
947 1329 1078 1377 tum
1128 1318 1191 1376 in
1240 1317 1350 1377 hoc
1379 1329 1509 1376 tum
1554 1318 1618 1376 in
1654 1316 1778 1376 aliis
1808 1317 2099 1377 catholicae
2140 1317 2416 1379 doctrinae

292 1414 616 1496 capitibus.,
678 1426 878 1474 contra
941 1413 1267 1474 Tridentini
1317 1424 1375 1473 et
1430 1416 1827 1472 Romanorum
1876 1415 2228 1472 Pontificum
2280 1436 2419 1473 san·-

293 1512 513 1570 ctiones
543 1510 651 1590 (3).
695 1512 827 1588 Ejus
870 1511 1119 1591 proinde
1155 1509 1316 1567 nulla
1344 1510 1494 1568 ratio
1534 1508 1805 1568 habenda
1851 1520 1973 1582 est,
2019 1509 2137 1567 imo
2172 1508 2245 1569 ab
2291 1509 2417 1591 ipso

293 1617 581 1688 perpetuo
615 1606 971 1666 cavendum.

381 1701 517 1760 148.
569 1702 660 1761 Ad
699 1701 820 1776 5¹1²7
858 1702 1013 1781 Ney.
1054 1701 1319 1761 Prudens
1365 1703 1524 1762 enim
1570 1703 1926 1774 oeconomia,
1974 1722 2088 1782 qua
2125 1723 2296 1760 usum
2332 1713 2421 1761 est

295 1797 739 1872 Tridentinum,
778 1817 886 1855 nec
914 1797 1124 1855 Graecis
1163 1797 1356 1871 favet2
1396 1818 1503 1857 nec
1539 1796 1792 1869 evincit,
1820 1797 1910 1876 agi
1950 1796 2014 1854 in
2052 1818 2184 1855 casu
2219 1807 2419 1855 nostro

293 1892 366 1951 de
392 1913 455 1952 re
493 1903 731 1951 tantum
768 1891 1129 1974 disciplinari
1163 1913 1227 1951 ac
1253 1891 1437 1952 libera
1459 1937 1475 1966 ἦ
1510 1913 1641 1974 quae
1678 1913 1895 1974 nempe
1938 1890 2123 1951 subsit
2157 1891 2416 1951 Ecclesiae

291 1989 592 2069 potestati.
640 1988 952 2046 Enimvero
979 1987 1538 2065 animadvertimUS‚
1566 1987 1960 2070 superioribus
1990 1987 2193 2048 seculis
2230 2009 2421 2070 quaes-

296 2084 518 2142 tionem
560 2082 712 2141 hanc
755 2084 1022 2159 nondum
1062 2084 1236 2142 fuisse
1270 2084 1587 2164 eliquatam
1623 2105 1734 2142 nec
1764 2083 1880 2141 ullo
1917 2082 2175 2142 Ecclesiae
2202 2083 2420 2161 judicio

294 2177 684 2259 diremptam,
728 2177 1043 2235 nonnullos
1085 2179 1332 2259 proinde
1370 2181 1567 2237 Patres
1613 2189 1673 2237 et
1719 2177 1973 2236 Concilia
2018 2179 2194 2236 etiam
2233 2178 2419 2237 inter-

295 2271 439 2331 dum
476 2284 576 2331 aut
619 2272 1002 2352 provincialia
1049 2285 1148 2331 aut
1198 2272 1514 2331 nationalia
1574 2273 1635 2330 in
1685 2271 1942 2332 diversas
1979 2273 2126 2331 circa
2167 2272 2277 2331 hoc
2313 2272 2420 2331 do-

293 2370 496 2428 ctrinae
539 2367 831 2428 catholicae
890 2381 1065 2450 caput
1138 2367 1345 2427 abiisse
1390 2368 1727 2428 sententias,
1772 2370 1949 2426 Porro
2001 2367 2158 2449 apud
2200 2370 2420 2429 Graecos

365 2560 436 2622 (l)
469 2559 569 2608 Cfr.
623 2559 843 2611 Bellarm.
871 2562 1055 2610 loc.cit.
1083 2577 1183 2626 cap,
1225 2558 1285 2610 15
1304 2599 1317 2623 ,

300 2660 439 2690 num.
482 2641 560 2705 14.

362 2723 427 2785 (2)
465 2723 683 2773 Erasmus
718 2728 842 2773 enim
875 2742 976 2773 suas
1007 2726 1152 2774 edidit
1174 2725 1321 2774 adno-

293 2807 482 2853 tationes
514 2816 557 2854 et
578 2808 880 2871 paraphrases
901 2809 951 2854 in
980 2807 1086 2855 Sac.
1116 2806 1317 2871 Script.‚

290 2888 498 2952 adeoque
526 2898 572 2936 et
608 2891 665 2936 in
697 2904 800 2953 cap.
837 2906 864 2934 v
900 2899 946 2937 et
970 2905 1047 2936 xix
1075 2887 1242 2935 Matth.
1276 2899 1321 2935 et

292 2989 319 3018 x
344 2969 538 3028 Marci„
571 2972 685 3019 item
718 2988 825 3036 cap,
842 2987 908 3018 vn
935 2974 1065 3035 epist.
1096 2987 1114 3018 1
1146 2970 1206 3018 ad
1230 2968 1320 3017 Co-

291 3054 403 3100 rint.
414 3087 430 3112 ‚
445 3053 525 3100 ubi
538 3051 778 3102 falsissime
795 3053 988 3118 probare
1004 3054 1187 3113 nititur,
1205 3052 1319 3100 solvi

293 3139 567 3202 conjuginm
619 3147 807 3202 propter
843 3136 1151 3198 adulterium,
1196 3153 1319 3185 anno

297 3215 457 3278 1515,
489 3219 686 3268 biennio
726 3235 893 3284 nempe
926 3228 1178 3284 antequam
1217 3218 1317 3266 Lu-

287 3298 408 3346 theri
445 3301 583 3350 factio
630 3304 843 3351 oriretur.
904 3300 974 3348 Ex
1015 3300 1102 3348 hac
1146 3301 1319 3365 epocha

289 3383 487 3445 proinde
505 3383 889 3447 deprehendimus
907 3417 923 3442 ,
948 3399 1044 3429 non
1074 3381 1318 3430 Erasmum

286 3479 313 3508 a
345 3462 551 3511 Luthero
574 3502 587 3524 ‚
631 3467 711 3515 sed
743 3466 999 3515 Lutherum
1033 3465 1092 3512 ab
1129 3464 1317 3513 Erasmo

289 3545 417 3593 hunc
446 3563 643 3595 errorem
684 3548 904 3597 hausisse.
934 3546 1147 3596 Ceterum
1166 3583 1179 3607 ‚
1210 3563 1317 3595 cum

289 3645 410 3678 anno
488 3626 613 3679 1516
692 3631 882 3681 facultas
951 3630 1210 3682 parisiensis
1270 3648 1321 3681 ex

1407 2562 1588 2611 Erasmi
1626 2563 1971 2610 commentariis
1990 2571 2186 2626 quatuor
2220 2564 2424 2627 proposi-

1406 2647 1557 2694 tiones
1578 2647 1888 2709 excerpsisset‚
1911 2643 2083 2710 quibus
2101 2643 2422 2692 adstruebatur

1405 2729 1607 2791 conjugii
1638 2726 1804 2773 solutio
1826 2736 2011 2789 propter
2036 2726 2382 2773 fornicationem
2400 2760 2417 2786 ‚

1405 2818 1447 2855 et
1475 2807 1722 2855 haereticas
1746 2806 2049 2866 declarasset,
2082 2806 2294 2855 Erasmus
2309 2807 2421 2856 huic

1404 2905 1604 2937 censurae
1641 2906 1688 2936 se
1723 2889 1933 2955 subjecit.

1471 2970 1536 3034 (3)
1574 2970 1674 3019 Cfr.
1718 2972 1852 3019 etiam
1898 2972 2117 3019 adversus
2159 2971 2422 3037 Launojum

1400 3052 1538 3102 Joan.
1585 3052 1715 3116 Bapt.
1743 3052 1936 3112 Tffiers,
1970 3050 2193 3117 Defensio
2224 3052 2340 3101 diss.
2365 3053 2421 3101 de

1402 3138 1680 3183 auctoritate
1722 3140 1943 3199 ‘neqantis
1992 3137 2264 3199 arqumenti
2288 3172 2303 3197 ,
2338 3134 2422 3186 Pa-

1403 3222 1482 3267 ris.
1520 3216 1662 3281 1664.
1692 3218 2003 3284 Quanquam,
2037 3219 2159 3283 quod
2175 3221 2338 3266 attinet
2358 3219 2418 3266 ad

1403 3300 1768 3365 impugnationis
1791 3303 2013 3348 rationem
2031 3338 2043 3359 ,
2069 3311 2303 3349 accusatus
2327 3299 2419 3348 fuit

1403 3382 1589 3443 Thiers,
1616 3383 1742 3449 quod
1774 3399 1920 3431 acrem
1962 3384 2163 3430 nimium
2198 3399 2250 3430 ac
2282 3382 2417 3430 vehe-

1403 3475 1605 3513 mentem
1636 3482 1683 3512 se
1713 3464 1995 3524 exhibuerit,
2038 3467 2099 3511 ita
2144 3473 2196 3511 ut
2226 3465 2310 3527 ipsi
2338 3480 2415 3526 ap-

1402 3547 1620 3613 plicatum
1638 3546 1778 3595 suerit
1793 3547 2081 3610 virgilianum
2097 3544 2214 3594 illud
2231 3562 2246 3593 ε
2280 3543 2413 3592 Tan-

1406 3638 1523 3678 toene
1545 3630 1726 3678 animis
1757 3627 2014 3677 coelestibus
2044 3628 2175 3676 irae:a
