<?xml version="1.0" encoding="UTF-8"?>
<!DOCTYPE html PUBLIC "-//W3C//DTD XHTML 1.0 Transitional//EN"
    "http://www.w3.org/TR/xhtml1/DTD/xhtml1-transitional.dtd">
<html xmlns="http://www.w3.org/1999/xhtml" xml:lang="en" lang="en">
 <head>
  <title>
</title>
<meta http-equiv="Content-Type" content="text/html;charset=utf-8" />
  <meta name='ocr-system' content='tesseract 3.04.00' />
  <meta name='ocr-capabilities' content='ocr_page ocr_carea ocr_par ocr_line ocrx_word'/>
</head>
<body>
  <div class='ocr_page' id='page_1' title='image "a603693807perruoft_0143.png"; bbox 0 0 2508 4120; ppageno 0'>
   <div class='ocr_carea' id='block_1_1' title="bbox 2106 238 2220 296">
    <p class='ocr_par' dir='ltr' id='par_1_1' title="bbox 2106 238 2220 296">
     <span class='ocr_line' id='line_1_1' title="bbox 2106 238 2220 296; baseline -0.009 0"><span class='ocrx_word' id='word_1_1' title='bbox 2106 238 2220 296; x_wconf 81' lang='lat'>135</span> 
     </span>
    </p>
   </div>
   <div class='ocr_carea' id='block_1_2' title="bbox 517 258 1833 318">
    <p class='ocr_par' dir='ltr' id='par_1_2' title="bbox 517 258 1833 318">
     <span class='ocr_line' id='line_1_2' title="bbox 517 258 1833 318; baseline 0.002 -23"><span class='ocrx_word' id='word_1_2' title='bbox 517 259 637 295; x_wconf 74' lang='lat' dir='ltr'>CAP.</span> <span class='ocrx_word' id='word_1_3' title='bbox 689 258 764 295; x_wconf 79' lang='lat' dir='ltr'>IV.</span> <span class='ocrx_word' id='word_1_4' title='bbox 814 259 883 296; x_wconf 83' lang='lat' dir='ltr'>DE</span> <span class='ocrx_word' id='word_1_5' title='bbox 926 260 1047 299; x_wconf 83' lang='lat' dir='ltr'>SAc.</span> <span class='ocrx_word' id='word_1_6' title='bbox 1098 262 1364 299; x_wconf 78' lang='lat' dir='ltr'><strong>ORDINAT.</strong></span> <span class='ocrx_word' id='word_1_7' title='bbox 1414 262 1667 318; x_wconf 51' lang='lat' dir='ltr'>MATEma</span> <span class='ocrx_word' id='word_1_8' title='bbox 1712 260 1833 298; x_wconf 75' lang='lat' dir='ltr'>mc.</span> 
     </span>
    </p>
   </div>
   <div class='ocr_carea' id='block_1_3' title="bbox 115 397 2227 2183">
    <p class='ocr_par' dir='ltr' id='par_1_3' title="bbox 119 397 2227 859">
     <span class='ocr_line' id='line_1_3' title="bbox 126 397 2219 481; baseline -0.001 -23"><span class='ocrx_word' id='word_1_9' title='bbox 126 413 182 458; x_wconf 89' lang='lat' dir='ltr'>ct</span> <span class='ocrx_word' id='word_1_10' title='bbox 207 400 461 457; x_wconf 86' lang='lat' dir='ltr'>Morinus</span> <span class='ocrx_word' id='word_1_11' title='bbox 495 398 602 476; x_wconf 87' lang='lat'><strong>(1).</strong></span> <span class='ocrx_word' id='word_1_12' title='bbox 630 399 716 455; x_wconf 75' lang='lat' dir='ltr'>Ex</span> <span class='ocrx_word' id='word_1_13' title='bbox 742 397 831 455; x_wconf 87' lang='lat' dir='ltr'>his</span> <span class='ocrx_word' id='word_1_14' title='bbox 859 410 1161 480; x_wconf 89' lang='lat' dir='ltr'>propterea</span> <span class='ocrx_word' id='word_1_15' title='bbox 1185 403 1362 460; x_wconf 89' lang='lat' dir='ltr'>etiam</span> <span class='ocrx_word' id='word_1_16' title='bbox 1385 402 1668 481; x_wconf 82' lang='lat' dir='ltr'>sequitur,</span> <span class='ocrx_word' id='word_1_17' title='bbox 1701 399 2019 480; x_wconf 88' lang='lat' dir='ltr'>antiquitus</span> <span class='ocrx_word' id='word_1_18' title='bbox 2036 400 2097 456; x_wconf 88' lang='lat' dir='ltr'>in</span> <span class='ocrx_word' id='word_1_19' title='bbox 2112 400 2219 457; x_wconf 90' lang='lat' dir='ltr'>Or-</span> 
     </span>
     <span class='ocr_line' id='line_1_4' title="bbox 129 491 2221 572; baseline 0 -21"><span class='ocrx_word' id='word_1_20' title='bbox 129 494 424 551; x_wconf 89' lang='lat' dir='ltr'>dinatione</span> <span class='ocrx_word' id='word_1_21' title='bbox 468 514 587 549; x_wconf 89' lang='lat' dir='ltr'>non</span> <span class='ocrx_word' id='word_1_22' title='bbox 616 491 940 550; x_wconf 78' lang='lat' dir='ltr'>adhibitam</span> <span class='ocrx_word' id='word_1_23' title='bbox 968 494 1139 552; x_wconf 90' lang='lat' dir='ltr'>fuisse</span> <span class='ocrx_word' id='word_1_24' title='bbox 1170 494 1330 554; x_wconf 88' lang='lat' dir='ltr'>illam</span> <span class='ocrx_word' id='word_1_25' title='bbox 1367 496 1675 554; x_wconf 86' lang='lat' dir='ltr'>formulam</span> <span class='ocrx_word' id='word_1_26' title='bbox 1711 517 1723 553; x_wconf 91' lang='lat'>:</span> <span class='ocrx_word' id='word_1_27' title='bbox 1750 496 1968 572; x_wconf 81' lang='lat' dir='ltr'>Accipe</span> <span class='ocrx_word' id='word_1_28' title='bbox 2009 496 2221 572; x_wconf 82' lang='lat' dir='ltr'>Spiri-</span> 
     </span>
     <span class='ocr_line' id='line_1_5' title="bbox 129 588 2227 670; baseline 0.002 -27"><span class='ocrx_word' id='word_1_29' title='bbox 129 599 258 644; x_wconf 81' lang='lat' dir='ltr'>tum</span> <span class='ocrx_word' id='word_1_30' title='bbox 300 589 631 656; x_wconf 75' lang='lat' dir='ltr'>Sanctum,</span> <span class='ocrx_word' id='word_1_31' title='bbox 688 609 798 667; x_wconf 86' lang='lat' dir='ltr'>qua</span> <span class='ocrx_word' id='word_1_32' title='bbox 839 588 1051 667; x_wconf 89' lang='lat' dir='ltr'>passim</span> <span class='ocrx_word' id='word_1_33' title='bbox 1091 588 1451 663; x_wconf 72' lang='lat' dir='ltr'>scholastici,</span> <span class='ocrx_word' id='word_1_34' title='bbox 1493 612 1635 669; x_wconf 87' lang='lat' dir='ltr'>quos</span> <span class='ocrx_word' id='word_1_35' title='bbox 1679 589 1874 670; x_wconf 90' lang='lat' dir='ltr'>plures</span> <span class='ocrx_word' id='word_1_36' title='bbox 1919 590 2096 647; x_wconf 86' lang='lat' dir='ltr'>etiam</span> <span class='ocrx_word' id='word_1_37' title='bbox 2131 611 2227 647; x_wconf 43' lang='lat' dir='ltr'>red</span> 
     </span>
     <span class='ocr_line' id='line_1_6' title="bbox 123 680 2218 764; baseline 0.001 -25"><span class='ocrx_word' id='word_1_38' title='bbox 123 682 403 739; x_wconf 88' lang='lat' dir='ltr'>centiores</span> <span class='ocrx_word' id='word_1_39' title='bbox 451 680 721 758; x_wconf 79' lang='lat' dir='ltr'>Theologi</span> <span class='ocrx_word' id='word_1_40' title='bbox 758 682 937 740; x_wconf 89' lang='lat' dir='ltr'>secuti</span> <span class='ocrx_word' id='word_1_41' title='bbox 973 692 1146 755; x_wconf 65' lang='lat' dir='ltr'>sunt,</span> <span class='ocrx_word' id='word_1_42' title='bbox 1197 681 1439 740; x_wconf 87' lang='lat' dir='ltr'>tradunt</span> <span class='ocrx_word' id='word_1_43' title='bbox 1482 682 1730 742; x_wconf 86' lang='lat' dir='ltr'>conferri</span> <span class='ocrx_word' id='word_1_44' title='bbox 1766 695 2115 764; x_wconf 87' lang='lat' dir='ltr'>potestatem</span> <span class='ocrx_word' id='word_1_45' title='bbox 2159 685 2218 741; x_wconf 91' lang='lat' dir='ltr'>in</span> 
     </span>
     <span class='ocr_line' id='line_1_7' title="bbox 119 771 2182 859; baseline 0.001 -25"><span class='ocrx_word' id='word_1_46' title='bbox 119 777 338 856; x_wconf 87' lang='lat' dir='ltr'>Corpus</span> <span class='ocrx_word' id='word_1_47' title='bbox 369 774 581 834; x_wconf 83' lang='lat' dir='ltr'>Christi</span> <span class='ocrx_word' id='word_1_48' title='bbox 608 777 911 855; x_wconf 80' lang='lat' dir='ltr'>mysticum</span> <span class='ocrx_word' id='word_1_49' title='bbox 947 798 1046 835; x_wconf 89' lang='lat' dir='ltr'>seu</span> <span class='ocrx_word' id='word_1_50' title='bbox 1074 786 1438 857; x_wconf 87' lang='lat' dir='ltr'>potestatem</span> <span class='ocrx_word' id='word_1_51' title='bbox 1465 778 1810 836; x_wconf 89' lang='lat' dir='ltr'>remittendi</span> <span class='ocrx_word' id='word_1_52' title='bbox 1838 790 2091 859; x_wconf 83' lang='lat' dir='ltr'>peccata.</span> <span class='ocrx_word' id='word_1_53' title='bbox 2178 771 2182 775; x_wconf 54' lang='grc'><strong>’</strong></span> 
     </span>
    </p>

    <p class='ocr_par' dir='ltr' id='par_1_4' title="bbox 118 870 2223 1329">
     <span class='ocr_line' id='line_1_8' title="bbox 208 870 2219 951; baseline 0.001 -24"><span class='ocrx_word' id='word_1_54' title='bbox 208 871 339 928; x_wconf 78' lang='lat'>125.</span> <span class='ocrx_word' id='word_1_55' title='bbox 386 872 492 942; x_wconf 82' lang='lat' dir='ltr'>Qui</span> <span class='ocrx_word' id='word_1_56' title='bbox 534 882 774 930; x_wconf 89' lang='lat' dir='ltr'>tuentur</span> <span class='ocrx_word' id='word_1_57' title='bbox 819 891 1097 929; x_wconf 87' lang='lat' dir='ltr'>manuum</span> <span class='ocrx_word' id='word_1_58' title='bbox 1138 870 1569 951; x_wconf 79' lang='lat' dir='ltr'>impositionem</span> <span class='ocrx_word' id='word_1_59' title='bbox 1606 889 1730 930; x_wconf 83' lang='lat' dir='ltr'>esse</span> <span class='ocrx_word' id='word_1_60' title='bbox 1759 872 2126 931; x_wconf 79' lang='lat' dir='ltr'>essentialem</span> <span class='ocrx_word' id='word_1_61' title='bbox 2161 883 2219 932; x_wconf 89' lang='lat' dir='ltr'>et</span> 
     </span>
     <span class='ocr_line' id='line_1_9' title="bbox 122 963 2220 1044; baseline 0.002 -23"><span class='ocrx_word' id='word_1_62' title='bbox 122 963 486 1044; x_wconf 75' lang='lat' dir='ltr'>adaequatam</span> <span class='ocrx_word' id='word_1_63' title='bbox 523 966 826 1042; x_wconf 79' lang='lat' dir='ltr'>materiam</span> <span class='ocrx_word' id='word_1_64' title='bbox 860 964 1253 1023; x_wconf 88' lang='lat' dir='ltr'>Ordinationis</span> <span class='ocrx_word' id='word_1_65' title='bbox 1291 964 1656 1024; x_wconf 62' lang='lat' dir='ltr'>hierarchicae</span> <span class='ocrx_word' id='word_1_66' title='bbox 1675 1009 1691 1038; x_wconf 86' lang='lat'>.,</span> <span class='ocrx_word' id='word_1_67' title='bbox 1723 964 1967 1040; x_wconf 74' lang='lat' dir='ltr'>docent,</span> <span class='ocrx_word' id='word_1_68' title='bbox 1999 969 2220 1026; x_wconf 80' lang='lat' dir='ltr'>instru-</span> 
     </span>
     <span class='ocr_line' id='line_1_10' title="bbox 122 1058 2223 1142; baseline 0.001 -26"><span class='ocrx_word' id='word_1_69' title='bbox 122 1070 452 1117; x_wconf 83' lang='lat' dir='ltr'>mentorum</span> <span class='ocrx_word' id='word_1_70' title='bbox 502 1059 925 1138; x_wconf 84' lang='lat' dir='ltr'>porrectionem</span> <span class='ocrx_word' id='word_1_71' title='bbox 970 1079 1239 1140; x_wconf 88' lang='lat' dir='ltr'>processu</span> <span class='ocrx_word' id='word_1_72' title='bbox 1282 1060 1562 1142; x_wconf 86' lang='lat' dir='ltr'>temporis</span> <span class='ocrx_word' id='word_1_73' title='bbox 1604 1058 1678 1118; x_wconf 90' lang='lat' dir='ltr'>ab</span> <span class='ocrx_word' id='word_1_74' title='bbox 1722 1058 1967 1119; x_wconf 86' lang='lat' dir='ltr'>Ecclesia</span> <span class='ocrx_word' id='word_1_75' title='bbox 2020 1063 2223 1120; x_wconf 88' lang='lat' dir='ltr'>Latina</span> 
     </span>
     <span class='ocr_line' id='line_1_11' title="bbox 118 1148 2217 1236; baseline 0.002 -27"><span class='ocrx_word' id='word_1_76' title='bbox 118 1153 296 1211; x_wconf 84' lang='lat' dir='ltr'>fuisse</span> <span class='ocrx_word' id='word_1_77' title='bbox 346 1152 620 1211; x_wconf 83' lang='lat' dir='ltr'>adscitam</span> <span class='ocrx_word' id='word_1_78' title='bbox 661 1151 735 1209; x_wconf 90' lang='lat' dir='ltr'>ad</span> <span class='ocrx_word' id='word_1_79' title='bbox 770 1157 1050 1229; x_wconf 83' lang='lat' dir='ltr'>majorem</span> <span class='ocrx_word' id='word_1_80' title='bbox 1081 1148 1530 1213; x_wconf 80' lang='lat' dir='ltr'>declarationem</span> <span class='ocrx_word' id='word_1_81' title='bbox 1569 1155 1900 1235; x_wconf 87' lang='lat' dir='ltr'>potestatis,</span> <span class='ocrx_word' id='word_1_82' title='bbox 1940 1175 2065 1235; x_wconf 82' lang='lat' dir='ltr'>quae</span> <span class='ocrx_word' id='word_1_83' title='bbox 2110 1178 2217 1236; x_wconf 87' lang='lat' dir='ltr'>per</span> 
     </span>
     <span class='ocr_line' id='line_1_12' title="bbox 118 1247 1324 1329; baseline 0.001 -25"><span class='ocrx_word' id='word_1_84' title='bbox 118 1268 401 1305; x_wconf 89' lang='lat' dir='ltr'>manuum</span> <span class='ocrx_word' id='word_1_85' title='bbox 432 1247 857 1327; x_wconf 84' lang='lat' dir='ltr'>impositionem</span> <span class='ocrx_word' id='word_1_86' title='bbox 896 1248 1192 1315; x_wconf 83' lang='lat' dir='ltr'>confertur</span> <span class='ocrx_word' id='word_1_87' title='bbox 1216 1248 1324 1329; x_wconf 76' lang='lat'>(2).</span> 
     </span>
    </p>

    <p class='ocr_par' dir='ltr' id='par_1_5' title="bbox 115 1341 2225 2183">
     <span class='ocr_line' id='line_1_13' title="bbox 203 1341 2216 1425; baseline 0.001 -26"><span class='ocrx_word' id='word_1_88' title='bbox 203 1343 336 1399; x_wconf 79' lang='lat'><strong>126.</strong></span> <span class='ocrx_word' id='word_1_89' title='bbox 386 1342 744 1421; x_wconf 84' lang='lat' dir='ltr'>Praecipuum</span> <span class='ocrx_word' id='word_1_90' title='bbox 770 1341 1227 1401; x_wconf 89' lang='lat' dir='ltr'>fundamentum</span> <span class='ocrx_word' id='word_1_91' title='bbox 1250 1342 1484 1402; x_wconf 87' lang='lat' dir='ltr'>illorum</span> <span class='ocrx_word' id='word_1_92' title='bbox 1512 1343 1965 1424; x_wconf 81' lang='lat' dir='ltr'>Theologorum‚</span> <span class='ocrx_word' id='word_1_93' title='bbox 1986 1345 2084 1425; x_wconf 88' lang='lat' dir='ltr'>qui</span> <span class='ocrx_word' id='word_1_94' title='bbox 2111 1345 2216 1402; x_wconf 90' lang='lat' dir='ltr'>ad·-</span> 
     </span>
     <span class='ocr_line' id='line_1_14' title="bbox 120 1435 2221 1508; baseline 0.002 -16"><span class='ocrx_word' id='word_1_95' title='bbox 120 1436 233 1493; x_wconf 91' lang='lat' dir='ltr'>huc</span> <span class='ocrx_word' id='word_1_96' title='bbox 255 1435 595 1508; x_wconf 84' lang='lat' dir='ltr'>adstruunt,</span> <span class='ocrx_word' id='word_1_97' title='bbox 625 1437 930 1495; x_wconf 85' lang='lat' dir='ltr'>materiam</span> <span class='ocrx_word' id='word_1_98' title='bbox 955 1437 1322 1497; x_wconf 86' lang='lat' dir='ltr'>essentialem</span> <span class='ocrx_word' id='word_1_99' title='bbox 1345 1438 1740 1498; x_wconf 88' lang='lat' dir='ltr'>Ordinationis</span> <span class='ocrx_word' id='word_1_100' title='bbox 1768 1440 1863 1500; x_wconf 85' lang='lat' dir='ltr'>vel</span> <span class='ocrx_word' id='word_1_101' title='bbox 1887 1461 2009 1498; x_wconf 90' lang='lat' dir='ltr'>esse</span> <span class='ocrx_word' id='word_1_102' title='bbox 2038 1438 2221 1498; x_wconf 88' lang='lat' dir='ltr'>solam</span> 
     </span>
     <span class='ocr_line' id='line_1_15' title="bbox 117 1529 2222 1614; baseline 0.002 -26"><span class='ocrx_word' id='word_1_103' title='bbox 117 1529 493 1589; x_wconf 84' lang='lat' dir='ltr'>traditionem</span> <span class='ocrx_word' id='word_1_104' title='bbox 516 1533 1039 1591; x_wconf 90' lang='lat' dir='ltr'>instrumentorum</span> <span class='ocrx_word' id='word_1_105' title='bbox 1070 1532 1165 1593; x_wconf 90' lang='lat' dir='ltr'>vel</span> <span class='ocrx_word' id='word_1_106' title='bbox 1189 1532 1397 1592; x_wconf 90' lang='lat' dir='ltr'>saltem</span> <span class='ocrx_word' id='word_1_107' title='bbox 1426 1534 1734 1614; x_wconf 87' lang='lat' dir='ltr'>partialem</span> <span class='ocrx_word' id='word_1_108' title='bbox 1752 1580 1766 1609; x_wconf 82' lang='grc'><em>,</em></span> <span class='ocrx_word' id='word_1_109' title='bbox 1801 1547 1892 1594; x_wconf 89' lang='lat' dir='ltr'>est</span> <span class='ocrx_word' id='word_1_110' title='bbox 1918 1535 2222 1594; x_wconf 89' lang='lat' dir='ltr'>decretum</span> 
     </span>
     <span class='ocr_line' id='line_1_16' title="bbox 117 1625 2220 1707; baseline 0.002 -25"><span class='ocrx_word' id='word_1_111' title='bbox 117 1625 359 1706; x_wconf 84' lang='lat' dir='ltr'>Eugenii</span> <span class='ocrx_word' id='word_1_112' title='bbox 397 1626 468 1683; x_wconf 91' lang='lat' dir='ltr'>lV</span> <span class='ocrx_word' id='word_1_113' title='bbox 501 1647 608 1707; x_wconf 90' lang='lat' dir='ltr'>pro</span> <span class='ocrx_word' id='word_1_114' title='bbox 640 1626 1019 1685; x_wconf 90' lang='lat' dir='ltr'>instructione</span> <span class='ocrx_word' id='word_1_115' title='bbox 1056 1628 1443 1686; x_wconf 89' lang='lat' dir='ltr'>Armenorum</span> <span class='ocrx_word' id='word_1_116' title='bbox 1465 1671 1481 1700; x_wconf 87' lang='lat'>‚</span> <span class='ocrx_word' id='word_1_117' title='bbox 1511 1627 1611 1686; x_wconf 89' lang='lat' dir='ltr'>ubi</span> <span class='ocrx_word' id='word_1_118' title='bbox 1639 1630 1717 1687; x_wconf 87' lang='lat' dir='ltr'>ait</span> <span class='ocrx_word' id='word_1_119' title='bbox 1757 1651 1770 1687; x_wconf 72' lang='grc' dir='ltr'>ε</span> <span class='ocrx_word' id='word_1_120' title='bbox 1824 1632 2072 1687; x_wconf 72' lang='lat' dir='ltr'>Sextum</span> <span class='ocrx_word' id='word_1_121' title='bbox 2105 1632 2220 1687; x_wconf 87' lang='lat' dir='ltr'>Sa-</span> 
     </span>
     <span class='ocr_line' id='line_1_17' title="bbox 117 1722 2219 1804; baseline 0.002 -26"><span class='ocrx_word' id='word_1_122' title='bbox 117 1732 495 1780; x_wconf 76' lang='lat' dir='ltr'>cramentum</span> <span class='ocrx_word' id='word_1_123' title='bbox 531 1725 614 1780; x_wconf 76' lang='lat' dir='ltr'>est</span> <span class='ocrx_word' id='word_1_124' title='bbox 646 1722 931 1798; x_wconf 70' lang='lat' dir='ltr'>Ordinis,</span> <span class='ocrx_word' id='word_1_125' title='bbox 961 1728 1139 1802; x_wconf 73' lang='lat' dir='ltr'>cujus</span> <span class='ocrx_word' id='word_1_126' title='bbox 1167 1728 1425 1782; x_wconf 83' lang='lat' dir='ltr'>materia</span> <span class='ocrx_word' id='word_1_127' title='bbox 1452 1733 1537 1782; x_wconf 78' lang='lat' dir='ltr'>est</span> <span class='ocrx_word' id='word_1_128' title='bbox 1556 1726 1742 1794; x_wconf 68' lang='lat' dir='ltr'>illud,</span> <span class='ocrx_word' id='word_1_129' title='bbox 1758 1747 1876 1804; x_wconf 81' lang='lat' dir='ltr'>per</span> <span class='ocrx_word' id='word_1_130' title='bbox 1897 1730 2075 1802; x_wconf 75' lang='lat' dir='ltr'>cujus</span> <span class='ocrx_word' id='word_1_131' title='bbox 2098 1736 2219 1784; x_wconf 81' lang='lat' dir='ltr'>tra-</span> 
     </span>
     <span class='ocr_line' id='line_1_18' title="bbox 115 1817 2218 1898; baseline 0.002 -24"><span class='ocrx_word' id='word_1_132' title='bbox 115 1817 398 1874; x_wconf 76' lang='lat' dir='ltr'>ditionem</span> <span class='ocrx_word' id='word_1_133' title='bbox 422 1821 732 1893; x_wconf 74' lang='lat' dir='ltr'>confertur</span> <span class='ocrx_word' id='word_1_134' title='bbox 771 1818 931 1877; x_wconf 83' lang='lat' dir='ltr'>Ordo</span> <span class='ocrx_word' id='word_1_135' title='bbox 955 1839 975 1886; x_wconf 90' lang='grc'>,·</span> <span class='ocrx_word' id='word_1_136' title='bbox 1002 1823 1158 1876; x_wconf 76' lang='lat' dir='ltr'>siout</span> <span class='ocrx_word' id='word_1_137' title='bbox 1189 1819 1649 1898; x_wconf 72' lang='lat' dir='ltr'>Presbyteratus</span> <span class='ocrx_word' id='word_1_138' title='bbox 1690 1821 1965 1878; x_wconf 77' lang='lat' dir='ltr'>traditur</span> <span class='ocrx_word' id='word_1_139' title='bbox 1987 1842 2098 1898; x_wconf 84' lang='lat' dir='ltr'>per</span> <span class='ocrx_word' id='word_1_140' title='bbox 2125 1841 2218 1878; x_wconf 87' lang='lat' dir='ltr'>ca-</span> 
     </span>
     <span class='ocr_line' id='line_1_19' title="bbox 117 1910 2221 1993; baseline 0.001 -24"><span class='ocrx_word' id='word_1_141' title='bbox 117 1913 250 1970; x_wconf 87' lang='lat' dir='ltr'>licis</span> <span class='ocrx_word' id='word_1_142' title='bbox 287 1933 426 1970; x_wconf 81' lang='lat' dir='ltr'>cum</span> <span class='ocrx_word' id='word_1_143' title='bbox 456 1918 593 1970; x_wconf 81' lang='lat' dir='ltr'>vino</span> <span class='ocrx_word' id='word_1_144' title='bbox 626 1924 681 1970; x_wconf 84' lang='lat' dir='ltr'>et</span> <span class='ocrx_word' id='word_1_145' title='bbox 703 1925 936 1991; x_wconf 74' lang='lat' dir='ltr'>patenae</span> <span class='ocrx_word' id='word_1_146' title='bbox 980 1910 1117 1972; x_wconf 76' lang='lat' dir='ltr'>cum</span> <span class='ocrx_word' id='word_1_147' title='bbox 1137 1935 1301 1992; x_wconf 78' lang='lat' dir='ltr'>pane</span> <span class='ocrx_word' id='word_1_148' title='bbox 1326 1918 1764 1993; x_wconf 78' lang='lat' dir='ltr'>porrectionem</span> <span class='ocrx_word' id='word_1_149' title='bbox 1790 1913 1896 1993; x_wconf 86' lang='lat'><strong>(3).</strong></span> <span class='ocrx_word' id='word_1_150' title='bbox 1942 1917 2076 1983; x_wconf 86' lang='lat' dir='ltr'>Ast,</span> <span class='ocrx_word' id='word_1_151' title='bbox 2109 1915 2221 1972; x_wconf 89' lang='lat' dir='ltr'>nisi</span> 
     </span>
     <span class='ocr_line' id='line_1_20' title="bbox 119 2004 2225 2089; baseline 0 -24"><span class='ocrx_word' id='word_1_152' title='bbox 119 2005 365 2065; x_wconf 88' lang='lat' dir='ltr'>velimus</span> <span class='ocrx_word' id='word_1_153' title='bbox 402 2007 464 2064; x_wconf 91' lang='lat' dir='ltr'>in</span> <span class='ocrx_word' id='word_1_154' title='bbox 499 2004 747 2064; x_wconf 87' lang='lat' dir='ltr'>absurda</span> <span class='ocrx_word' id='word_1_155' title='bbox 779 2007 1030 2067; x_wconf 88' lang='lat' dir='ltr'>incidere</span> <span class='ocrx_word' id='word_1_156' title='bbox 1055 2053 1071 2082; x_wconf 80' lang='lat'>.,</span> <span class='ocrx_word' id='word_1_157' title='bbox 1101 2007 1332 2066; x_wconf 88' lang='lat' dir='ltr'>admitti</span> <span class='ocrx_word' id='word_1_158' title='bbox 1363 2007 1536 2066; x_wconf 89' lang='lat' dir='ltr'>debet</span> <span class='ocrx_word' id='word_1_159' title='bbox 1566 2010 1863 2089; x_wconf 87' lang='lat' dir='ltr'>responsio</span> <span class='ocrx_word' id='word_1_160' title='bbox 1892 2008 2225 2067; x_wconf 88' lang='lat' dir='ltr'>Bellarmini</span> 
     </span>
     <span class='ocr_line' id='line_1_21' title="bbox 122 2099 2219 2183; baseline 0 -25"><span class='ocrx_word' id='word_1_161' title='bbox 122 2099 507 2181; x_wconf 69' lang='lat' dir='ltr'>aliorumque,</span> <span class='ocrx_word' id='word_1_162' title='bbox 534 2102 634 2182; x_wconf 90' lang='lat' dir='ltr'>qui</span> <span class='ocrx_word' id='word_1_163' title='bbox 656 2101 875 2171; x_wconf 92' lang='lat' dir='ltr'>dicunt,</span> <span class='ocrx_word' id='word_1_164' title='bbox 900 2123 1138 2183; x_wconf 91' lang='lat' dir='ltr'>scopum</span> <span class='ocrx_word' id='word_1_165' title='bbox 1163 2105 1379 2161; x_wconf 88' lang='lat' dir='ltr'>summi</span> <span class='ocrx_word' id='word_1_166' title='bbox 1394 2103 1691 2161; x_wconf 88' lang='lat' dir='ltr'>Pontificis</span> <span class='ocrx_word' id='word_1_167' title='bbox 1714 2103 1888 2161; x_wconf 88' lang='lat' dir='ltr'>fuisse</span> <span class='ocrx_word' id='word_1_168' title='bbox 1905 2102 2219 2162; x_wconf 87' lang='lat' dir='ltr'>inducendi</span> 
     </span>
    </p>
   </div>
   <div class='ocr_carea' id='block_1_4' title="bbox 64 2315 1128 3036">
    <p class='ocr_par' dir='ltr' id='par_1_6' title="bbox 64 2315 1128 2866">
     <span class='ocr_line' id='line_1_22' title="bbox 118 2315 1118 2385; baseline 0.003 -21"><span class='ocrx_word' id='word_1_169' title='bbox 118 2315 252 2382; x_wconf 77' lang='lat' dir='ltr'>Hugo</span> <span class='ocrx_word' id='word_1_170' title='bbox 285 2315 556 2376; x_wconf 83' lang='lat' dir='ltr'>Menardus,</span> <span class='ocrx_word' id='word_1_171' title='bbox 578 2318 666 2366; x_wconf 88' lang='lat' dir='ltr'>loc.</span> <span class='ocrx_word' id='word_1_172' title='bbox 685 2321 760 2367; x_wconf 88' lang='lat' dir='ltr'>cit.</span> <span class='ocrx_word' id='word_1_173' title='bbox 780 2335 828 2368; x_wconf 90' lang='lat' dir='ltr'>n.</span> <span class='ocrx_word' id='word_1_174' title='bbox 854 2316 950 2385; x_wconf 79' lang='lat'>757</span> <span class='ocrx_word' id='word_1_175' title='bbox 965 2353 979 2376; x_wconf 91' lang='lat'><em>‚</em></span> <span class='ocrx_word' id='word_1_176' title='bbox 998 2321 1118 2367; x_wconf 84' lang='lat' dir='ltr'>circa</span> 
     </span>
     <span class='ocr_line' id='line_1_23' title="bbox 123 2399 1118 2466; baseline 0.003 -20"><span class='ocrx_word' id='word_1_177' title='bbox 123 2399 285 2447; x_wconf 88' lang='lat' dir='ltr'>finem.</span> <span class='ocrx_word' id='word_1_178' title='bbox 303 2399 405 2447; x_wconf 94' lang='lat' dir='ltr'>Non</span> <span class='ocrx_word' id='word_1_179' title='bbox 424 2401 533 2448; x_wconf 87' lang='lat' dir='ltr'>inde</span> <span class='ocrx_word' id='word_1_180' title='bbox 547 2411 700 2448; x_wconf 85' lang='lat' dir='ltr'>tamen</span> <span class='ocrx_word' id='word_1_181' title='bbox 715 2403 939 2466; x_wconf 85' lang='lat' dir='ltr'>sequitur,</span> <span class='ocrx_word' id='word_1_182' title='bbox 953 2402 1118 2449; x_wconf 85' lang='lat' dir='ltr'>frustra</span> 
     </span>
     <span class='ocr_line' id='line_1_24' title="bbox 64 2475 1120 2547; baseline 0.005 -22"><span class='ocrx_word' id='word_1_183' title='bbox 64 2475 71 2480; x_wconf 75' lang='grc'><em>’</em></span> <span class='ocrx_word' id='word_1_184' title='bbox 120 2479 177 2526; x_wconf 88' lang='lat' dir='ltr'>ab</span> <span class='ocrx_word' id='word_1_185' title='bbox 205 2479 432 2544; x_wconf 86' lang='lat' dir='ltr'>Episcopo</span> <span class='ocrx_word' id='word_1_186' title='bbox 446 2483 634 2545; x_wconf 81' lang='lat' dir='ltr'>proferri</span> <span class='ocrx_word' id='word_1_187' title='bbox 648 2481 785 2530; x_wconf 83' lang='lat' dir='ltr'>verba</span> <span class='ocrx_word' id='word_1_188' title='bbox 801 2483 879 2530; x_wconf 88' lang='lat' dir='ltr'>illa</span> <span class='ocrx_word' id='word_1_189' title='bbox 898 2500 912 2529; x_wconf 73' lang='grc' dir='ltr'><strong><em>ε</em></strong></span> <span class='ocrx_word' id='word_1_190' title='bbox 937 2482 1120 2547; x_wconf 81' lang='lat' dir='ltr'>Accipe</span> 
     </span>
     <span class='ocr_line' id='line_1_25' title="bbox 118 2559 1121 2628; baseline 0.003 -22"><span class='ocrx_word' id='word_1_191' title='bbox 118 2559 356 2625; x_wconf 80' lang='lat' dir='ltr'>Spiritum</span> <span class='ocrx_word' id='word_1_192' title='bbox 378 2560 453 2622; x_wconf 83' lang='lat' dir='ltr'><em>S.-,</em></span> <span class='ocrx_word' id='word_1_193' title='bbox 477 2563 706 2628; x_wconf 83' lang='lat' dir='ltr'>siquidem</span> <span class='ocrx_word' id='word_1_194' title='bbox 724 2563 957 2619; x_wconf 82' lang='lat' dir='ltr'>declarant</span> <span class='ocrx_word' id='word_1_195' title='bbox 980 2565 1121 2626; x_wconf 84' lang='lat' dir='ltr'>magis</span> 
     </span>
     <span class='ocr_line' id='line_1_26' title="bbox 118 2643 1120 2708; baseline -0.001 -17"><span class='ocrx_word' id='word_1_196' title='bbox 118 2660 172 2691; x_wconf 85' lang='lat' dir='ltr'>ac</span> <span class='ocrx_word' id='word_1_197' title='bbox 200 2646 340 2707; x_wconf 84' lang='lat' dir='ltr'>magis</span> <span class='ocrx_word' id='word_1_198' title='bbox 358 2650 624 2708; x_wconf 87' lang='lat' dir='ltr'>potestatem</span> <span class='ocrx_word' id='word_1_199' title='bbox 658 2661 683 2691; x_wconf 89' lang='lat' dir='ltr'>a</span> <span class='ocrx_word' id='word_1_200' title='bbox 708 2643 952 2692; x_wconf 83' lang='lat' dir='ltr'>Sacerdote</span> <span class='ocrx_word' id='word_1_201' title='bbox 974 2645 1023 2690; x_wconf 87' lang='lat' dir='ltr'>in</span> <span class='ocrx_word' id='word_1_202' title='bbox 1050 2661 1120 2691; x_wconf 86' lang='lat' dir='ltr'>es-</span> 
     </span>
     <span class='ocr_line' id='line_1_27' title="bbox 119 2725 1128 2790; baseline 0 -18"><span class='ocrx_word' id='word_1_203' title='bbox 119 2725 294 2772; x_wconf 83' lang='lat' dir='ltr'>sentiali</span> <span class='ocrx_word' id='word_1_204' title='bbox 313 2743 537 2772; x_wconf 87' lang='lat' dir='ltr'>manuum</span> <span class='ocrx_word' id='word_1_205' title='bbox 555 2728 849 2789; x_wconf 85' lang='lat' dir='ltr'>impositione</span> <span class='ocrx_word' id='word_1_206' title='bbox 865 2731 1128 2790; x_wconf 85' lang='lat' dir='ltr'>acceptam,&#39;</span> 
     </span>
     <span class='ocr_line' id='line_1_28' title="bbox 118 2807 1119 2866; baseline 0.001 -12"><span class='ocrx_word' id='word_1_207' title='bbox 118 2812 174 2854; x_wconf 83' lang='lat' dir='ltr'>ut</span> <span class='ocrx_word' id='word_1_208' title='bbox 189 2807 377 2855; x_wconf 79' lang='lat' dir='ltr'>adnotat</span> <span class='ocrx_word' id='word_1_209' title='bbox 406 2807 612 2855; x_wconf 81' lang='lat' dir='ltr'>Marinus</span> <span class='ocrx_word' id='word_1_210' title='bbox 633 2845 645 2866; x_wconf 90' lang='lat'>‚</span> <span class='ocrx_word' id='word_1_211' title='bbox 670 2808 770 2856; x_wconf 90' lang='lat' dir='ltr'>loco</span> <span class='ocrx_word' id='word_1_212' title='bbox 792 2825 897 2855; x_wconf 85' lang='lat' dir='ltr'>mox</span> <span class='ocrx_word' id='word_1_213' title='bbox 916 2808 1119 2855; x_wconf 86' lang='lat' dir='ltr'>citando.</span> 
     </span>
    </p>

    <p class='ocr_par' dir='ltr' id='par_1_7' title="bbox 188 2885 1119 2954">
     <span class='ocr_line' id='line_1_29' title="bbox 188 2885 1119 2954; baseline 0.005 -22"><span class='ocrx_word' id='word_1_214' title='bbox 188 2887 253 2950; x_wconf 83' lang='lat' dir='ltr'>(l)</span> <span class='ocrx_word' id='word_1_215' title='bbox 287 2887 376 2952; x_wconf 89' lang='lat' dir='ltr'>Op.</span> <span class='ocrx_word' id='word_1_216' title='bbox 420 2891 497 2935; x_wconf 89' lang='lat' dir='ltr'>cit.</span> <span class='ocrx_word' id='word_1_217' title='bbox 542 2885 759 2938; x_wconf 65' lang='lat' dir='ltr'>Emercit.</span> <span class='ocrx_word' id='word_1_218' title='bbox 800 2905 897 2949; x_wconf 78' lang='lat' dir='ltr'>vn,</span> <span class='ocrx_word' id='word_1_219' title='bbox 933 2907 1036 2954; x_wconf 85' lang='lat' dir='ltr'>cap.</span> <span class='ocrx_word' id='word_1_220' title='bbox 1070 2887 1119 2937; x_wconf 88' lang='grc'>5.</span> 
     </span>
    </p>

    <p class='ocr_par' dir='ltr' id='par_1_8' title="bbox 188 2969 1123 3036">
     <span class='ocr_line' id='line_1_30' title="bbox 188 2969 1123 3036; baseline 0.002 -21"><span class='ocrx_word' id='word_1_221' title='bbox 188 2970 253 3032; x_wconf 75' lang='grc'>(2)</span> <span class='ocrx_word' id='word_1_222' title='bbox 291 2969 413 3019; x_wconf 87' lang='lat' dir='ltr'>Sane</span> <span class='ocrx_word' id='word_1_223' title='bbox 446 2972 620 3019; x_wconf 86' lang='lat' dir='ltr'>veteres</span> <span class='ocrx_word' id='word_1_224' title='bbox 641 3007 655 3029; x_wconf 89' lang='lat'><em>‚</em></span> <span class='ocrx_word' id='word_1_225' title='bbox 690 2974 770 3036; x_wconf 86' lang='lat' dir='ltr'>qui</span> <span class='ocrx_word' id='word_1_226' title='bbox 808 2973 943 3036; x_wconf 86' lang='lat' dir='ltr'>primi</span> <span class='ocrx_word' id='word_1_227' title='bbox 980 2971 1123 3019; x_wconf 85' lang='lat' dir='ltr'>locuti</span> 
     </span>
    </p>
   </div>
   <div class='ocr_carea' id='block_1_5' title="bbox 1204 2316 2225 3039">
    <p class='ocr_par' dir='ltr' id='par_1_9' title="bbox 1204 2316 2225 3039">
     <span class='ocr_line' id='line_1_31' title="bbox 1206 2316 2219 2385; baseline 0 -18"><span class='ocrx_word' id='word_1_228' title='bbox 1206 2319 1409 2378; x_wconf 88' lang='lat' dir='ltr'>dus,lib.</span> <span class='ocrx_word' id='word_1_229' title='bbox 1432 2336 1500 2378; x_wconf 88' lang='lat' dir='ltr'>lv,</span> <span class='ocrx_word' id='word_1_230' title='bbox 1525 2320 1632 2368; x_wconf 86' lang='lat' dir='ltr'>dist.</span> <span class='ocrx_word' id='word_1_231' title='bbox 1654 2316 1717 2382; x_wconf 66' lang='lat'>24</span> <span class='ocrx_word' id='word_1_232' title='bbox 1736 2336 1750 2367; x_wconf 90' lang='lat'><strong>:</strong></span> <span class='ocrx_word' id='word_1_233' title='bbox 1770 2319 2040 2385; x_wconf 77' lang='lat' dir='ltr'>Accipiunt</span> <span class='ocrx_word' id='word_1_234' title='bbox 2052 2321 2219 2380; x_wconf 82' lang='lat' dir='ltr'>etiam,</span> 
     </span>
     <span class='ocr_line' id='line_1_32' title="bbox 1204 2401 2225 2466; baseline 0 -18"><span class='ocrx_word' id='word_1_235' title='bbox 1204 2403 1389 2466; x_wconf 84' lang='lat' dir='ltr'>inquit,</span> <span class='ocrx_word' id='word_1_236' title='bbox 1424 2401 1620 2448; x_wconf 81' lang='lat' dir='ltr'>calicem</span> <span class='ocrx_word' id='word_1_237' title='bbox 1657 2417 1768 2448; x_wconf 80' lang='lat' dir='ltr'>cum</span> <span class='ocrx_word' id='word_1_238' title='bbox 1808 2401 1999 2461; x_wconf 79' lang='lat' dir='ltr'>hostiis,</span> <span class='ocrx_word' id='word_1_239' title='bbox 2039 2411 2096 2448; x_wconf 77' lang='lat' dir='ltr'>ut</span> <span class='ocrx_word' id='word_1_240' title='bbox 2131 2418 2225 2466; x_wconf 84' lang='lat' dir='ltr'>per</span> 
     </span>
     <span class='ocr_line' id='line_1_33' title="bbox 1205 2482 2224 2546; baseline -0.001 -17"><span class='ocrx_word' id='word_1_241' title='bbox 1205 2483 1291 2529; x_wconf 77' lang='lat' dir='ltr'>hoc</span> <span class='ocrx_word' id='word_1_242' title='bbox 1311 2484 1466 2530; x_wconf 78' lang='lat' dir='ltr'>sciant</span> <span class='ocrx_word' id='word_1_243' title='bbox 1485 2518 1496 2538; x_wconf 91' lang='lat'><em>‚</em></span> <span class='ocrx_word' id='word_1_244' title='bbox 1513 2499 1561 2528; x_wconf 90' lang='lat' dir='ltr'>se</span> <span class='ocrx_word' id='word_1_245' title='bbox 1579 2484 1816 2546; x_wconf 75' lang='lat' dir='ltr'>accepisse</span> <span class='ocrx_word' id='word_1_246' title='bbox 1825 2491 2104 2546; x_wconf 81' lang='lat' dir='ltr'>potestatem</span> <span class='ocrx_word' id='word_1_247' title='bbox 2110 2482 2224 2545; x_wconf 85' lang='lat' dir='ltr'>pla-</span> 
     </span>
     <span class='ocr_line' id='line_1_34' title="bbox 1206 2561 2218 2628; baseline 0.001 -18"><span class='ocrx_word' id='word_1_248' title='bbox 1206 2563 1379 2610; x_wconf 76' lang='lat' dir='ltr'>cabiles</span> <span class='ocrx_word' id='word_1_249' title='bbox 1409 2561 1513 2609; x_wconf 81' lang='lat' dir='ltr'>Deo</span> <span class='ocrx_word' id='word_1_250' title='bbox 1549 2562 1729 2609; x_wconf 77' lang='lat' dir='ltr'>hostias</span> <span class='ocrx_word' id='word_1_251' title='bbox 1762 2562 2010 2628; x_wconf 79' lang='lat' dir='ltr'>offerendi.</span> <span class='ocrx_word' id='word_1_252' title='bbox 2045 2563 2218 2611; x_wconf 85' lang='lat' dir='ltr'>Eadem</span> 
     </span>
     <span class='ocr_line' id='line_1_35' title="bbox 1206 2642 2224 2703; baseline 0.001 -14"><span class='ocrx_word' id='word_1_253' title='bbox 1206 2644 1346 2691; x_wconf 87' lang='lat' dir='ltr'>habet</span> <span class='ocrx_word' id='word_1_254' title='bbox 1375 2643 1657 2702; x_wconf 86' lang='lat' dir='ltr'>Durandus‚</span> <span class='ocrx_word' id='word_1_255' title='bbox 1701 2643 1786 2691; x_wconf 85' lang='lat' dir='ltr'>lib.</span> <span class='ocrx_word' id='word_1_256' title='bbox 1838 2661 1870 2690; x_wconf 86' lang='lat' dir='ltr'>n</span> <span class='ocrx_word' id='word_1_257' title='bbox 1918 2642 2224 2703; x_wconf 75' lang='lat' dir='ltr'>Rationalis,</span> 
     </span>
     <span class='ocr_line' id='line_1_36' title="bbox 1207 2726 2224 2792; baseline 0 -18"><span class='ocrx_word' id='word_1_258' title='bbox 1207 2742 1309 2790; x_wconf 88' lang='lat' dir='ltr'>cap.</span> <span class='ocrx_word' id='word_1_259' title='bbox 1346 2742 1402 2774; x_wconf 90' lang='lat'>10</span> <span class='ocrx_word' id='word_1_260' title='bbox 1431 2736 1475 2774; x_wconf 89' lang='lat' dir='ltr'>et</span> <span class='ocrx_word' id='word_1_261' title='bbox 1492 2743 1624 2792; x_wconf 87' lang='lat' dir='ltr'>seqq.</span> <span class='ocrx_word' id='word_1_262' title='bbox 1656 2726 1723 2773; x_wconf 83' lang='lat' dir='ltr'>Ex</span> <span class='ocrx_word' id='word_1_263' title='bbox 1753 2726 1922 2792; x_wconf 78' lang='lat' dir='ltr'>quibus</span> <span class='ocrx_word' id='word_1_264' title='bbox 1948 2727 2088 2775; x_wconf 82' lang='lat' dir='ltr'>infert</span> <span class='ocrx_word' id='word_1_265' title='bbox 2107 2726 2224 2775; x_wconf 86' lang='lat' dir='ltr'>Mar·</span> 
     </span>
     <span class='ocr_line' id='line_1_37' title="bbox 1208 2807 2216 2876; baseline 0.003 -21"><span class='ocrx_word' id='word_1_266' title='bbox 1208 2811 1355 2857; x_wconf 88' lang='lat' dir='ltr'>tenius</span> <span class='ocrx_word' id='word_1_267' title='bbox 1376 2846 1389 2869; x_wconf 89' lang='lat'><em>‚</em></span> <span class='ocrx_word' id='word_1_268' title='bbox 1409 2809 1496 2857; x_wconf 91' lang='lat' dir='ltr'>loc.</span> <span class='ocrx_word' id='word_1_269' title='bbox 1523 2812 1601 2856; x_wconf 90' lang='lat' dir='ltr'>cit.</span> <span class='ocrx_word' id='word_1_270' title='bbox 1621 2807 1648 2874; x_wconf 58' lang='grc' dir='ltr'><strong><em>ἓ</em></strong></span> <span class='ocrx_word' id='word_1_271' title='bbox 1671 2825 1725 2874; x_wconf 91' lang='lat'>¹7</span> <span class='ocrx_word' id='word_1_272' title='bbox 1743 2843 1759 2869; x_wconf 90' lang='lat'><strong><em>,</em></strong></span> <span class='ocrx_word' id='word_1_273' title='bbox 1798 2809 1936 2858; x_wconf 88' lang='lat' dir='ltr'>verba</span> <span class='ocrx_word' id='word_1_274' title='bbox 1955 2845 1971 2870; x_wconf 90' lang='lat'><strong><em>,</em></strong></span> <span class='ocrx_word' id='word_1_275' title='bbox 1994 2828 2095 2875; x_wconf 84' lang='lat' dir='ltr'>quae</span> <span class='ocrx_word' id='word_1_276' title='bbox 2113 2828 2216 2876; x_wconf 89' lang='lat' dir='ltr'>pro-</span> 
     </span>
     <span class='ocr_line' id='line_1_38' title="bbox 1208 2891 2224 2956; baseline 0.004 -19"><span class='ocrx_word' id='word_1_277' title='bbox 1208 2891 1417 2938; x_wconf 83' lang='lat' dir='ltr'>feruntur</span> <span class='ocrx_word' id='word_1_278' title='bbox 1438 2891 1497 2939; x_wconf 90' lang='lat' dir='ltr'>ab</span> <span class='ocrx_word' id='word_1_279' title='bbox 1524 2891 1749 2956; x_wconf 86' lang='lat' dir='ltr'>Episcopo</span> <span class='ocrx_word' id='word_1_280' title='bbox 1771 2895 1820 2939; x_wconf 88' lang='lat' dir='ltr'>in</span> <span class='ocrx_word' id='word_1_281' title='bbox 1846 2894 2089 2941; x_wconf 72' lang='lat' dir='ltr'>traditione</span> <span class='ocrx_word' id='word_1_282' title='bbox 2115 2894 2224 2941; x_wconf 81' lang='lat' dir='ltr'>cali·</span> 
     </span>
     <span class='ocr_line' id='line_1_39' title="bbox 1209 2972 2222 3039; baseline 0.001 -19"><span class='ocrx_word' id='word_1_283' title='bbox 1209 2976 1273 3020; x_wconf 86' lang='lat' dir='ltr'>cis</span> <span class='ocrx_word' id='word_1_284' title='bbox 1302 2983 1347 3021; x_wconf 87' lang='lat' dir='ltr'>et</span> <span class='ocrx_word' id='word_1_285' title='bbox 1371 2983 1548 3038; x_wconf 86' lang='lat' dir='ltr'>patenae</span> <span class='ocrx_word' id='word_1_286' title='bbox 1585 2990 1598 3021; x_wconf 90' lang='lat'>:</span> <span class='ocrx_word' id='word_1_287' title='bbox 1636 2973 1825 3039; x_wconf 81' lang='lat' dir='ltr'>Accipe</span> <span class='ocrx_word' id='word_1_288' title='bbox 1851 2983 2122 3039; x_wconf 78' lang='lat' dir='ltr'>potestatem</span> <span class='ocrx_word' id='word_1_289' title='bbox 2151 2972 2222 3038; x_wconf 87' lang='lat' dir='ltr'>of-</span> 
     </span>
    </p>
   </div>
   <div class='ocr_carea' id='block_1_6' title="bbox 123 3051 2218 3121">
    <p class='ocr_par' dir='ltr' id='par_1_10' title="bbox 123 3051 2218 3121">
     <span class='ocr_line' id='line_1_40' title="bbox 123 3051 2218 3121; baseline 0.003 -25"><span class='ocrx_word' id='word_1_290' title='bbox 123 3060 231 3097; x_wconf 86' lang='lat' dir='ltr'>sunt</span> <span class='ocrx_word' id='word_1_291' title='bbox 270 3051 328 3100; x_wconf 85' lang='lat' dir='ltr'>de</span> <span class='ocrx_word' id='word_1_292' title='bbox 352 3055 765 3101; x_wconf 82' lang='lat' dir='ltr'>instrumentorum</span> <span class='ocrx_word' id='word_1_293' title='bbox 802 3055 1084 3118; x_wconf 85' lang='lat' dir='ltr'>porrectione</span> <span class='ocrx_word' id='word_1_294' title='bbox 1106 3089 1118 3113; x_wconf 91' lang='lat'>‚</span> <span class='ocrx_word' id='word_1_295' title='bbox 1201 3054 1394 3121; x_wconf 78' lang='lat' dir='ltr'>ferendi</span> <span class='ocrx_word' id='word_1_296' title='bbox 1440 3053 1751 3119; x_wconf 79' lang='lat' dir='ltr'>Sacrificium</span> <span class='ocrx_word' id='word_1_297' title='bbox 1795 3054 1897 3103; x_wconf 85' lang='lat' dir='ltr'>Deo</span> <span class='ocrx_word' id='word_1_298' title='bbox 1942 3057 2218 3120; x_wconf 75' lang='lat' dir='ltr'>Missusque</span> 
     </span>
    </p>
   </div>
   <div class='ocr_carea' id='block_1_7' title="bbox 122 3129 1132 3770">
    <p class='ocr_par' dir='ltr' id='par_1_11' title="bbox 122 3129 1132 3770">
     <span class='ocr_line' id='line_1_41' title="bbox 122 3129 1119 3199; baseline 0.006 -23"><span class='ocrx_word' id='word_1_299' title='bbox 122 3129 241 3179; x_wconf 83' lang='lat' dir='ltr'>hanc</span> <span class='ocrx_word' id='word_1_300' title='bbox 263 3134 607 3197; x_wconf 81' lang='lat' dir='ltr'>explicationem</span> <span class='ocrx_word' id='word_1_301' title='bbox 631 3135 946 3199; x_wconf 78' lang='lat' dir='ltr'>suppeditant,</span> <span class='ocrx_word' id='word_1_302' title='bbox 963 3137 1023 3182; x_wconf 87' lang='lat' dir='ltr'>ita</span> <span class='ocrx_word' id='word_1_303' title='bbox 1046 3152 1119 3182; x_wconf 87' lang='lat' dir='ltr'>ex.</span> 
     </span>
     <span class='ocr_line' id='line_1_42' title="bbox 124 3212 1121 3278; baseline 0.006 -20"><span class='ocrx_word' id='word_1_304' title='bbox 124 3226 192 3274; x_wconf 85' lang='lat' dir='ltr'>gr.</span> <span class='ocrx_word' id='word_1_305' title='bbox 231 3212 360 3278; x_wconf 86' lang='lat' dir='ltr'>Hugo</span> <span class='ocrx_word' id='word_1_306' title='bbox 377 3213 644 3264; x_wconf 87' lang='lat' dir='ltr'>Victorinus</span> <span class='ocrx_word' id='word_1_307' title='bbox 667 3251 683 3276; x_wconf 86' lang='lat'>‚</span> <span class='ocrx_word' id='word_1_308' title='bbox 722 3216 799 3264; x_wconf 89' lang='lat' dir='ltr'>De</span> <span class='ocrx_word' id='word_1_309' title='bbox 822 3215 1121 3264; x_wconf 81' lang='lat' dir='ltr'>Sacrament.</span> 
     </span>
     <span class='ocr_line' id='line_1_43' title="bbox 123 3293 1121 3361; baseline 0.006 -22"><span class='ocrx_word' id='word_1_310' title='bbox 123 3293 208 3340; x_wconf 91' lang='lat' dir='ltr'>lib.</span> <span class='ocrx_word' id='word_1_311' title='bbox 246 3297 314 3351; x_wconf 75' lang='lat' dir='ltr'>ii,</span> <span class='ocrx_word' id='word_1_312' title='bbox 349 3303 461 3358; x_wconf 86' lang='lat' dir='ltr'>part.</span> <span class='ocrx_word' id='word_1_313' title='bbox 496 3308 576 3356; x_wconf 81' lang='lat' dir='ltr'>ui,</span> <span class='ocrx_word' id='word_1_314' title='bbox 614 3315 718 3361; x_wconf 86' lang='lat' dir='ltr'>cap.</span> <span class='ocrx_word' id='word_1_315' title='bbox 786 3314 872 3353; x_wconf 83' lang='lat'>12,</span> <span class='ocrx_word' id='word_1_316' title='bbox 911 3299 1068 3346; x_wconf 83' lang='lat' dir='ltr'>scribit</span> <span class='ocrx_word' id='word_1_317' title='bbox 1109 3315 1121 3345; x_wconf 94' lang='lat'><strong>:</strong></span> 
     </span>
     <span class='ocr_line' id='line_1_44' title="bbox 124 3370 1125 3445; baseline 0.003 -22"><span class='ocrx_word' id='word_1_318' title='bbox 124 3376 394 3440; x_wconf 79' lang='lat' dir='ltr'>Accipiunt</span> <span class='ocrx_word' id='word_1_319' title='bbox 420 3377 612 3427; x_wconf 83' lang='lat' dir='ltr'>calicem</span> <span class='ocrx_word' id='word_1_320' title='bbox 646 3396 755 3427; x_wconf 80' lang='lat' dir='ltr'>cum</span> <span class='ocrx_word' id='word_1_321' title='bbox 791 3370 902 3426; x_wconf 75' lang='lat' dir='ltr'>vino</span> <span class='ocrx_word' id='word_1_322' title='bbox 930 3388 975 3427; x_wconf 78' lang='lat' dir='ltr'>et</span> <span class='ocrx_word' id='word_1_323' title='bbox 988 3389 1125 3445; x_wconf 79' lang='lat' dir='ltr'>pate-</span> 
     </span>
     <span class='ocr_line' id='line_1_45' title="bbox 124 3458 1124 3526; baseline 0.006 -23"><span class='ocrx_word' id='word_1_324' title='bbox 124 3473 239 3504; x_wconf 75' lang='lat' dir='ltr'>nam</span> <span class='ocrx_word' id='word_1_325' title='bbox 268 3474 376 3504; x_wconf 82' lang='lat' dir='ltr'>cum</span> <span class='ocrx_word' id='word_1_326' title='bbox 405 3458 573 3507; x_wconf 77' lang='lat' dir='ltr'>hostiis</span> <span class='ocrx_word' id='word_1_327' title='bbox 605 3462 661 3510; x_wconf 88' lang='lat' dir='ltr'>ole</span> <span class='ocrx_word' id='word_1_328' title='bbox 687 3478 839 3509; x_wconf 77' lang='lat' dir='ltr'>manu</span> <span class='ocrx_word' id='word_1_329' title='bbox 866 3460 1124 3526; x_wconf 83' lang='lat' dir='ltr'>Episcopi,</span> 
     </span>
     <span class='ocr_line' id='line_1_46' title="bbox 122 3541 1127 3609; baseline 0.006 -24"><span class='ocrx_word' id='word_1_330' title='bbox 122 3548 354 3603; x_wconf 79' lang='lat' dir='ltr'>quatenus</span> <span class='ocrx_word' id='word_1_331' title='bbox 382 3541 460 3588; x_wconf 79' lang='lat' dir='ltr'>his</span> <span class='ocrx_word' id='word_1_332' title='bbox 498 3542 830 3591; x_wconf 77' lang='lat' dir='ltr'>instrmuemis</span> <span class='ocrx_word' id='word_1_333' title='bbox 852 3553 1127 3609; x_wconf 78' lang='lat' dir='ltr'>potestatem</span> 
     </span>
     <span class='ocr_line' id='line_1_47' title="bbox 125 3624 1130 3689; baseline 0.007 -22"><span class='ocrx_word' id='word_1_334' title='bbox 125 3636 173 3666; x_wconf 88' lang='lat' dir='ltr'>se</span> <span class='ocrx_word' id='word_1_335' title='bbox 206 3624 438 3688; x_wconf 85' lang='lat' dir='ltr'>accepisse</span> <span class='ocrx_word' id='word_1_336' title='bbox 464 3633 724 3686; x_wconf 75' lang='lat' dir='ltr'>aquoscant</span> <span class='ocrx_word' id='word_1_337' title='bbox 747 3624 1012 3689; x_wconf 80' lang='lat' dir='ltr'>placabiles</span> <span class='ocrx_word' id='word_1_338' title='bbox 1030 3625 1130 3676; x_wconf 87' lang='lat' dir='ltr'>Deo</span> 
     </span>
     <span class='ocr_line' id='line_1_48' title="bbox 129 3701 1132 3770; baseline 0.007 -22"><span class='ocrx_word' id='word_1_339' title='bbox 129 3701 308 3751; x_wconf 78' lang='lat' dir='ltr'>hostias</span> <span class='ocrx_word' id='word_1_340' title='bbox 340 3705 584 3770; x_wconf 80' lang='lat' dir='ltr'>offerendi.</span> <span class='ocrx_word' id='word_1_341' title='bbox 624 3705 683 3765; x_wconf 82' lang='lat' dir='ltr'>Et</span> <span class='ocrx_word' id='word_1_342' title='bbox 710 3705 869 3755; x_wconf 87' lang='lat' dir='ltr'>Petrus</span> <span class='ocrx_word' id='word_1_343' title='bbox 908 3707 1132 3757; x_wconf 86' lang='lat' dir='ltr'>Lombar-</span> 
     </span>
    </p>
   </div>
   <div class='ocr_carea' id='block_1_8' title="bbox 1208 3136 2223 3526">
    <p class='ocr_par' dir='ltr' id='par_1_12' title="bbox 1208 3136 2223 3526">
     <span class='ocr_line' id='line_1_49' title="bbox 1208 3136 2221 3201; baseline 0.001 -18"><span class='ocrx_word' id='word_1_344' title='bbox 1208 3136 1437 3184; x_wconf 82' lang='lat' dir='ltr'>celebrare</span> <span class='ocrx_word' id='word_1_345' title='bbox 1458 3174 1471 3195; x_wconf 90' lang='lat'>‚</span> <span class='ocrx_word' id='word_1_346' title='bbox 1503 3147 1591 3185; x_wconf 87' lang='lat' dir='ltr'>etc.</span> <span class='ocrx_word' id='word_1_347' title='bbox 1617 3155 1710 3185; x_wconf 89' lang='lat' dir='ltr'>non</span> <span class='ocrx_word' id='word_1_348' title='bbox 1743 3140 1975 3201; x_wconf 87' lang='lat' dir='ltr'>pertinere</span> <span class='ocrx_word' id='word_1_349' title='bbox 1992 3138 2048 3184; x_wconf 85' lang='lat' dir='ltr'>ad</span> <span class='ocrx_word' id='word_1_350' title='bbox 2068 3153 2221 3184; x_wconf 86' lang='lat' dir='ltr'>essen-</span> 
     </span>
     <span class='ocr_line' id='line_1_50' title="bbox 1212 3218 2221 3285; baseline -0.002 -18"><span class='ocrx_word' id='word_1_351' title='bbox 1212 3223 1320 3269; x_wconf 86' lang='lat' dir='ltr'>tiam</span> <span class='ocrx_word' id='word_1_352' title='bbox 1338 3256 1350 3278; x_wconf 86' lang='lat'>,</span> <span class='ocrx_word' id='word_1_353' title='bbox 1381 3218 1459 3266; x_wconf 87' lang='lat' dir='ltr'>sed</span> <span class='ocrx_word' id='word_1_354' title='bbox 1479 3220 1534 3266; x_wconf 85' lang='lat' dir='ltr'>ad</span> <span class='ocrx_word' id='word_1_355' title='bbox 1552 3222 1772 3285; x_wconf 87' lang='lat' dir='ltr'>majorem</span> <span class='ocrx_word' id='word_1_356' title='bbox 1790 3219 1962 3266; x_wconf 82' lang='lat' dir='ltr'>collatae</span> <span class='ocrx_word' id='word_1_357' title='bbox 1989 3221 2221 3282; x_wconf 86' lang='lat' dir='ltr'>potestatis</span> 
     </span>
     <span class='ocr_line' id='line_1_51' title="bbox 1211 3299 2221 3365; baseline 0 -17"><span class='ocrx_word' id='word_1_358' title='bbox 1211 3299 1567 3350; x_wconf 85' lang='lat' dir='ltr'>declarationem</span> <span class='ocrx_word' id='word_1_359' title='bbox 1587 3338 1600 3359; x_wconf 77' lang='lat'>‚</span> <span class='ocrx_word' id='word_1_360' title='bbox 1641 3302 1889 3365; x_wconf 83' lang='lat' dir='ltr'>praesertim</span> <span class='ocrx_word' id='word_1_361' title='bbox 1921 3316 2029 3346; x_wconf 89' lang='lat' dir='ltr'>cum</span> <span class='ocrx_word' id='word_1_362' title='bbox 2060 3301 2221 3364; x_wconf 86' lang='lat' dir='ltr'>incog-</span> 
     </span>
     <span class='ocr_line' id='line_1_52' title="bbox 1212 3381 2223 3448; baseline 0.001 -19"><span class='ocrx_word' id='word_1_363' title='bbox 1212 3385 1308 3430; x_wconf 84' lang='lat' dir='ltr'>nita</span> <span class='ocrx_word' id='word_1_364' title='bbox 1341 3383 1418 3430; x_wconf 85' lang='lat' dir='ltr'>illa</span> <span class='ocrx_word' id='word_1_365' title='bbox 1450 3382 1646 3430; x_wconf 86' lang='lat' dir='ltr'>formula</span> <span class='ocrx_word' id='word_1_366' title='bbox 1681 3382 1889 3448; x_wconf 82' lang='lat' dir='ltr'>videatur</span> <span class='ocrx_word' id='word_1_367' title='bbox 1908 3382 2036 3428; x_wconf 90' lang='lat' dir='ltr'>omni</span> <span class='ocrx_word' id='word_1_368' title='bbox 2064 3381 2223 3430; x_wconf 84' lang='lat' dir='ltr'>Eccle-</span> 
     </span>
     <span class='ocr_line' id='line_1_53' title="bbox 1214 3465 2078 3526; baseline -0.002 -14"><span class='ocrx_word' id='word_1_369' title='bbox 1214 3467 1289 3512; x_wconf 84' lang='lat' dir='ltr'>siae</span> <span class='ocrx_word' id='word_1_370' title='bbox 1311 3467 1445 3512; x_wconf 89' lang='lat' dir='ltr'>annis</span> <span class='ocrx_word' id='word_1_371' title='bbox 1470 3467 1721 3513; x_wconf 86' lang='lat' dir='ltr'>minimum</span> <span class='ocrx_word' id='word_1_372' title='bbox 1751 3465 2018 3526; x_wconf 82' lang='lat' dir='ltr'>nongentis.</span> <span class='ocrx_word' id='word_1_373' title='bbox 2042 3480 2078 3524; x_wconf 42' lang='lat'><em>4</em></span> 
     </span>
    </p>
   </div>
   <div class='ocr_carea' id='block_1_9' title="bbox 1215 3542 2219 3689">
    <p class='ocr_par' dir='ltr' id='par_1_13' title="bbox 1215 3542 2219 3689">
     <span class='ocr_line' id='line_1_54' title="bbox 1285 3542 2219 3610; baseline -0.001 -16"><span class='ocrx_word' id='word_1_374' title='bbox 1285 3546 1349 3609; x_wconf 84' lang='lat'>(3)</span> <span class='ocrx_word' id='word_1_375' title='bbox 1383 3546 1518 3610; x_wconf 85' lang='lat' dir='ltr'>Apud</span> <span class='ocrx_word' id='word_1_376' title='bbox 1536 3544 1765 3593; x_wconf 77' lang='lat' dir='ltr'>Harduin.</span> <span class='ocrx_word' id='word_1_377' title='bbox 1788 3544 1918 3592; x_wconf 76' lang='lat' dir='ltr'>Acta</span> <span class='ocrx_word' id='word_1_378' title='bbox 1939 3542 2087 3593; x_wconf 77' lang='lat' dir='ltr'>Cone.</span> <span class='ocrx_word' id='word_1_379' title='bbox 2106 3556 2219 3593; x_wconf 88' lang='lat' dir='ltr'>tom.</span> 
     </span>
     <span class='ocr_line' id='line_1_55' title="bbox 1215 3625 1549 3689; baseline -0.003 -14"><span class='ocrx_word' id='word_1_380' title='bbox 1215 3645 1292 3689; x_wconf 78' lang='lat' dir='ltr'>ix,</span> <span class='ocrx_word' id='word_1_381' title='bbox 1323 3629 1410 3676; x_wconf 85' lang='lat' dir='ltr'>col.</span> <span class='ocrx_word' id='word_1_382' title='bbox 1438 3625 1549 3689; x_wconf 76' lang='grc'>440.</span> 
     </span>
    </p>
   </div>
  </div>
 </body>
</html>
