2612 4146
2115 202 2194 262 79

573 215 715 265 ουκ
743 227 785 262 1.
829 226 897 262 nu
939 222 1180 264 sAanM.
1227 222 1355 262 om).
1404 222 1701 262 vamum.

90 367 333 448 gratiam
353 386 473 425 esse
497 364 892 425 Ordinationis
906 365 1178 425 effectum
1194 409 1212 440 .,
1243 376 1418 446 atque
1432 363 1576 423 adeo
1598 360 1994 422 ordinationis
2016 363 2195 423 ritum

90 462 153 520 in
179 452 684 520 Sacramentorum
707 458 834 518 loco
858 471 919 520 et
953 480 1198 520 numero
1219 458 1489 518 habitum
1517 458 1712 517 fuisse.
1741 456 1829 516 Sic
1856 457 2018 516 enim
2039 457 2199 519 inter

92 567 308 616 ceteras
342 555 599 636 loquitur
647 555 1002 616 oecumenica
1043 553 1311 635 Synodus
1362 552 1850 612 Chalcedonensis
1888 575 1903 612 ι
1940 553 2015 611 Si
2060 557 2201 632 quis

91 651 428 729 Episcopus
450 659 703 729 propter
711 653 1007 729 pecunias
1033 649 1495 709 Ordinationem
1520 651 1763 726 fecerit,
1799 658 1854 708 et
1880 669 2000 708 ozon
2026 670 2201 708 vena·

93 747 197 803 lem
211 749 484 825 qratiam
516 745 921 804 vendiderit...
953 745 1023 803 de
1041 746 1290 823 proprio
1303 743 1507 821 yradu
1525 747 1592 800 in
1603 745 1954 822 periculum
1974 749 2196 805 veniat.

178 839 272 897 10.
317 837 863 898 Luculentissimum
898 837 1149 918 denique
1180 836 1394 895 divinae
1438 835 1613 914 hujus
1661 836 1991 896 traditionis
2033 840 2203 898 testi-

94 934 358 993 monium
387 943 476 992 est
508 932 715 993 eadem
743 932 1124 992 Ecclesiarum
1157 930 1423 989 omnium
1456 941 1515 990 et
1536 931 1922 1011 ipsorummet
1959 932 2204 993 haereti-

98 1049 323 1099 corum,
348 1027 421 1087 de
444 1048 693 1110 quorum
707 1028 978 1087 societate
993 1037 1052 1086 et
1064 1026 1285 1107 origine
1301 1024 1643 1086 heterodoxi
1657 1027 1842 1084 nostri
1857 1026 2202 1106 gloriantur,

97 1124 421 1182 consensio,
460 1123 718 1182 Morinus
741 1166 759 1196 ‚
812 1131 937 1180 toto
976 1142 1085 1183 suo
1120 1121 1538 1181 commentario
1564 1123 1658 1181 Dc
1700 1127 1895 1181 sacris
1943 1123 2207 1183 Ordina-

97 1200 392 1287 tionihus,
415 1228 475 1277 et
499 1215 917 1291 Renaudotius,
942 1227 1089 1277 tom.
1117 1218 1164 1275 V
1189 1217 1377 1299 operis
1394 1261 1410 1290 ,
1441 1215 1600 1300 quod
1616 1215 1954 1276 inscribitur
1975 1218 2206 1299 Perpe-

95 1317 282 1371 tuitas
301 1313 447 1390 fidei
467 1311 763 1373 catholicoe
778 1358 795 1380 ,
817 1310 979 1371 omni
994 1322 1515 1372 monumentorum
1540 1333 1750 1392 genere
1785 1313 2198 1389 ostenderunt,

95 1405 489 1488 septenarium
517 1406 1027 1466 sacramentorum
1061 1429 1375 1467 numerum
1406 1429 1439 1467 a
1479 1408 1692 1468 Graecis
1729 1419 1788 1468 et
1814 1407 2210 1469 Orientalibus

94 1522 325 1583 semper
359 1501 622 1580 agnitum
657 1512 717 1560 et
750 1513 1186 1583 propugnatum
1215 1503 1387 1562 fuisse
1407 1548 1424 1578 ,
1460 1514 1636 1583 atque
1672 1502 2118 1565 Ordinationem
2145 1504 2211 1564 in

95 1594 424 1678 septenario
445 1593 547 1654 illo
578 1615 826 1655 numero
852 1597 1320 1657 constantissime
1346 1598 1695 1657 recensitam
1726 1597 1900 1658 fuisse
1929 1599 2036 1680 (l).
2068 1602 2212 1659 Bos-

99 1690 315 1751 suetius
346 1697 542 1749 autem
570 1690 634 1749 in
663 1691 936 1750 Historia
959 1696 1373 1751 variationum
1395 1691 1822 1754 demonstravit
1843 1739 1861 1769 a
1901 1715 2011 1754 nee
2046 1693 2213 1755 Wal-

97 1784 303 1844 denses
350 1805 458 1844 nec
501 1785 837 1845 Wicleffitas
874 1807 984 1846 nec
1047 1788 1312 1847 Hussitas
1359 1789 1425 1847 in
1469 1788 1581 1848 hoc
1634 1788 1914 1849 doetrinae
1964 1788 2208 1849 articulo

98 1901 130 1938 a
168 1879 284 1939 fide
324 1878 752 1939 Catholicorum
797 1869 1133 1942 recessisse.¹
1160 1883 1262 1942 Est
1291 1883 1466 1961 igitur
1506 1895 1789 1966 perpetua
1832 1896 1891 1944 et
1933 1896 2207 1944 constans

102 1975 367 2033 omnium
402 1973 786 2035 Ecclesiarum
818 1976 1199 2058 omniumque
1223 1989 1557 2060 temporum
1578 2023 1594 2053 ,
1623 1989 1799 2062 atque
1835 1977 1908 2038 ab
1929 1978 2214 2040 haereticis

89 2069 235 2150 'ipsis
269 2069 605 2128 confirmata
632 2069 899 2146 traditio,
933 2069 1377 2133 Ordinationem
1412 2094 1533 2133 esse
1572 2073 1694 2135 veri
1722 2075 1977 2134 nominis
2010 2076 2213 2135 Sacra-

99 2175 389 2223 mentum.

184 2260 279 2317 11.
328 2258 416 2318 Ad
452 2257 868 2340 probationum
902 2281 1043 2320 vero
1079 2261 1381 2321 cumulum
1409 2268 1535 2341 jam
1567 2264 1789 2324 accedit
1817 2267 2212 2326 recentiorum

101 2354 555 2413 Protestantium
589 2355 899 2432 confessio,
933 2357 1034 2438 qui
1064 2379 1188 2416 non
1219 2356 1569 2418 dubitarunt
1594 2381 1756 2419 sacro
1785 2360 1920 2421 huic
1958 2361 2213 2421 Ordina-

102 2446 273 2505 tionis
294 2449 430 2507 ritui
444 2452 639 2528 gratiae
658 2450 868 2512 divinae
893 2451 1266 2512 collationem
1294 2453 1620 2515 adscribere
1646 2455 1756 2536 (2).
1783 2458 1969 2516 Tanta
1994 2457 2214 2517 seilicet

105 2550 193 2598 est
218 2541 479 2601 veritatis
502 2542 591 2602 vis
612 2587 628 2617 ,
668 2555 735 2602 ut
758 2543 835 2603 ab
865 2545 1207 2623 adversariis
1231 2547 1369 2629 ipsis
1391 2568 1740 2608 consensum
1767 2561 2130 2633 extorqueat.

170 2729 241 2792 (1)
274 2729 374 2779 cfr.
409 2734 549 2780 etiam
591 2731 779 2797 Joseph.
813 2731 996 2783 Simon.
1027 2733 1114 2783 As*

102 2828 316 2860 semanus
340 2849 353 2872 ‚
385 2812 620 2862 Biblioeh.
652 2813 845 2864 Orient.
875 2826 993 2868 tom.
1019 2832 1076 2865 111
1096 2854 1110 2879 ,

100 2902 219 2958 part.
247 2911 264 2941 ι
284 2931 298 2954 ,
325 2910 428 2960 pag.
459 2892 559 2945 356
583 2905 627 2944 et
655 2896 774 2962 373.

170 2974 237 3040 (2)
274 2975 326 3024 ld
344 2987 497 3042 aperte
525 2995 579 3026 ex
602 2978 934 3027 recentioribus
962 2979 1114 3029 faten-

102 3065 181 3104 tur
212 3055 270 3103 D.
317 3055 612 3108 Marheineke
639 3062 691 3107 in
717 3055 982 3125 Systemate
1015 3060 1112 3110 Ca-

106 3135 301 3198 tholico‚
343 3139 435 3187 vol.
464 3156 548 3202 ¹1¹3
578 3140 736 3190 Kaiser
765 3145 816 3190 in
857 3141 1113 3209 Theoloqia

108 3217 302 3266 Biblica
311 3255 324 3279 ,
334 3222 417 3269 eeu
424 3220 463 3267 J
462 3221 678 3270 udaiemo
694 3232 738 3271 et
749 3223 1085 3277 Catholicismo
1094 3263 1107 3284 ,

110 3298 340 3365 Erlangen
385 3299 542 3366 ¹8143
588 3304 791 3369 Fessler‚
841 3308 925 3371 qui
950 3310 1001 3355 in
1031 3310 1114 3356 su'o

110 3379 349 3427 Mamali
389 3381 606 3447 liturgico
640 3386 761 3434 hanc
797 3390 1009 3451 proponit
1038 3406 1113 3436 or-

109 3459 357 3509 dinationis
384 3462 629 3514 formulam
663 3485 675 3514 :
721 3466 978 3516 Ordinam
1013 3486 1115 3518 una

108 3557 218 3589 cum
239 3542 457 3590 omnibus
483 3545 816 3595 adsistentibus
832 3549 998 3597 ambas
1009 3566 1112 3599 ma-

108 3637 203 3671 nus
227 3623 481 3672 extendens
505 3641 649 3692 super
671 3637 817 3694 caput
831 3630 1114 3696 ordinandi,

112 3702 240 3753 dicat
273 3723 288 3755 z
319 3703 498 3772 Accipe
526 3705 763 3773 Spiritum
792 3708 1030 3764 Sanctum
1052 3712 1118 3762 ad

1196 2735 1539 2786 Ministerium
1589 2741 1747 2805 operis
1792 2756 1878 2789 scu
1923 2742 2071 2807 officii
2120 2742 2215 2794 Sa-

1194 2817 1396 2888 cerdotii
1413 2857 1427 2879 ‚
1469 2837 1607 2884 quem
1636 2838 1723 2869 nos
1757 2839 1994 2872 manuum
2015 2828 2217 2892 imposi-

1193 2900 1324 2947 tione
1350 2899 1440 2948 tibi
1473 2902 1764 2966 conserimus
1783 2921 1806 2965 ;
1836 2922 2040 2970 quorum
2067 2910 2217 2957 remi-

1193 2982 1312 3029 seris
1319 2990 1517 3048 peccata
1533 2986 1834 3034 remittentur
1855 2988 1925 3049 ei,
1956 2997 2000 3037 et
2013 3006 2218 3053 quorum

1194 3065 1453 3124 retinueris
1471 3100 1487 3126 ‚
1509 3074 1691 3114 retenta
1705 3077 1863 3117 crunt.
1887 3068 1944 3116 V
1940 3072 1961 3117 i
1966 3072 2218 3136 potestatis

1196 3145 1318 3193 mihi
1363 3145 1468 3195 Dei
1507 3150 1700 3197 nomine
1737 3151 1927 3200 traditae
1977 3151 2219 3201 mediante

1196 3234 1243 3275 et
1267 3227 1320 3274 in
1341 3226 1567 3278 Ecclesia
1590 3248 1672 3295 eqo
1694 3240 1737 3279 te
1756 3249 1973 3280 consecro
1989 3242 2034 3281 et
2048 3234 2217 3283 ordino

1195 3305 1500 3358 Sacerdotem
1514 3309 1749 3361 Ecclesioe
1763 3312 2049 3378 evanqelicoe
2064 3352 2078 3375 ‚
2086 3332 2218 3382 proe-

1195 3407 1356 3438 conem
1375 3391 1642 3458 Evanyelii
1653 3394 1705 3442 J.
1716 3395 1773 3442 C.
1789 3403 1833 3441 et
1844 3394 2216 3462 dispensatorem

1196 3482 1469 3521 sanctorum
1507 3475 1926 3524 Sacramentorum
1975 3495 2173 3528 suorum
2193 3516 2212 3542 ,

1197 3555 1255 3601 in
1268 3557 1460 3603 nomine
1477 3557 1648 3604 Patris
1660 3591 1675 3616 ,
1692 3566 1781 3606 etc.
1803 3556 1939 3624 Apud
1954 3559 2187 3627 Esslinger
2200 3598 2214 3622 ,

1197 3634 1434 3702 Apoloqie
1446 3636 1507 3686 de
1525 3636 1573 3686 la
1597 3636 1803 3704 oeliqion
1816 3640 2100 3709 camelique,
2121 3653 2212 3696 etc.

1207 3713 1352 3766 1832.
