2508 4120
279 116 396 176 324
431 183 454 186 ..
918 135 1242 173 rami-uus
1287 136 1355 174 DE
1400 135 1786 178 mammona).

276 282 429 360 leges
466 300 607 361 quas
646 278 895 338 Ecclesia
936 274 1321 360 adoptaverat
1351 284 1521 357 juxta
1554 281 1744 355 dicta,
1783 303 1941 342 conc.
1961 308 1979 349 ;
2012 290 2179 362 juxta
2207 311 2409 349 omnes

274 379 426 457 leges
461 373 1004 451 indiscriminatim,
1043 396 1172 456 neq.
1213 377 1590 435 Contrarium
1628 378 1788 436 enim
1825 378 2205 442 ostendimus,

352 471 495 530 218.
546 471 637 531 Ad
664 471 746 529 5¹1¹
768 514 785 543 ,
824 473 986 531 Dist.
1018 473 1314 532 Honorius
1337 518 1351 547 ,
1384 471 1742 533 Theodosius
1775 475 1976 553 junior
1998 521 2013 549 ‚
2047 477 2410 542 Justinianus

271 568 486 649 aliique
515 566 670 647 leges
694 566 965 626 tulerunt
1008 568 1475 628 matrimoniales
1496 615 1510 644 ‚
1539 581 1604 628 ut
1643 570 1929 646 cutodes,=
1956 573 2412 653 patrocinatores

268 686 333 723 ac
364 663 623 724 vindices
656 661 852 743 legum
899 666 1317 724 canonicarum
1341 711 1356 740 ,
1399 685 1593 732 covzc.;
1624 677 1691 724 ut
1723 667 2019 726 sancirent
2064 670 2418 730 auctoritate·

267 761 503 843 propria
543 759 696 840 leges
725 759 1166 839 ecclesiasticaS‚
1202 761 1276 820 ad
1319 751 1874 822 communicandam
1913 764 1994 824 eis
2030 763 2411 826 intrinsecam

264 858 644 932 firmitatem,
685 879 799 939 qua
836 869 972 918 ante
1010 870 1309 934 carerent,
1340 881 1473 940 neq.

348 954 494 1012 219.
530 956 616 1014 Ne
642 954 846 1015 videar
869 954 995 1014 sine
1012 954 1227 1013 tabulis
1250 954 1402 1015 hanc
1421 957 1804 1016 assertionem
1828 955 2148 1018 obtrudere
2169 1004 2184 1034 ,
2219 983 2407 1021 unum

264 1062 365 1110 aut
395 1050 649 1111 alterum
684 1052 1089 1110 testimonium
1114 1051 1355 1112 afferam
1391 1074 1464 1113 ex
1498 1051 1708 1112 Codice
1734 1053 2136 1130 Justinianeo7
2184 1078 2255 1116 ex
2291 1078 2407 1140 quo

262 1159 490 1206 constat
509 1194 524 1223 ,
559 1147 717 1206 hunc
745 1151 1169 1231 Imperatorem
1190 1149 1252 1207 in
1280 1148 1504 1229 legibus
1523 1195 1539 1225 ,
1565 1171 1708 1231 quas
1735 1149 1874 1208 tulit
1900 1150 1975 1208 ad
1994 1172 2244 1212 canones
2266 1175 2403 1213 san-

262 1243 498 1304 ciendos
519 1289 535 1318 ,
567 1266 689 1303 non
707 1243 868 1304 aliud
892 1244 1001 1304 sibi
1024 1246 1419 1328 proposuisse,
1440 1267 1618 1328 quam
1632 1256 1698 1304 ut
1714 1268 1774 1305 se
1798 1268 2001 1306 eorum
2026 1247 2328 1309 custodem
2346 1261 2406 1310 et

258 1339 553 1401 vindicem
577 1340 909 1420 exhiberet,
937 1353 1114 1424 atque
1138 1354 1368 1423 urgeret
1382 1343 1645 1426 ipsorum
1664 1344 2092 1404 executionem.
2113 1346 2187 1404 Si
2204 1348 2404 1406 civiles

255 1439 400 1516 Zeqes
419 1486 435 1507 ,
467 1438 659 1519 inquit
679 1484 694 1512 ,
722 1460 995 1518 quarum
1009 1450 1356 1519 potestatem
1386 1442 1559 1499 uobis
1584 1441 1750 1498 Deus
1761 1462 1882 1520 pro
1901 1462 2015 1499 sua
2038 1444 2110 1499 in
2137 1442 2403 1503 homines

257 1535 623 1613 beniquitate
664 1536 965 1606 credidit,
997 1536 1215 1612 firmas
1244 1537 1323 1594 ab
1357 1538 1639 1595 omn-ibus
1676 1538 1977 1595 custodiri
2003 1538 2093 1595 ad
2113 1539 2398 1598 obedien-

254 1633 409 1688 tium
446 1635 830 1689 securitatem
865 1631 1205 1700 studemus,
1242 1642 1478 1711 quanto!
1506 1633 1651 1711 plus
1681 1633 1877 1690 studii
1907 1633 2193 1692 adhibere
2231 1635 2398 1693 debe-

251 1748 387 1785 mus
422 1731 590 1785 circa
623 1748 945 1786 sacrorum
977 1748 1283 1786 canonum
1311 1739 1370 1787 et
1396 1729 1759 1788 divinarum
1793 1730 1992 1807 leyum
2019 1730 2392 1800 custodiam,

250 1845 384 1901 quae
415 1844 600 1902 super
630 1829 821 1881 salute
849 1827 1215 1882 animarum
1243 1834 1600 1883 nostrarum
1629 1826 1892 1904 definitae
1926 1836 2072 1884 sunt
2098 1823 2232 1906 (l)‘?
2258 1826 2394 1899 Qui-

249 1919 360 1978 bus
416 1917 611 1979 verbis
652 1918 948 1997 ostendit,
1009 1941 1069 1980 se
1115 1919 1474 2000 distinguere
1523 1919 1678 2001 leges
1720 1920 1918 1982 civiles
1942 1966 1958 1996 ,
1999 1943 2251 2004 quarum
2285 1921 2395 1981 sibi

240 2027 590 2095 potestatem
618 2015 903 2075 tributam
940 2015 1225 2093 affirmat,
1249 2028 1308 2076 et
1336 2029 1526 2076 sacros
1557 2039 1832 2093 canones⁹
1867 2039 2011 2099 quos
2026 2018 2223 2098 jungit
2245 2017 2391 2097 legi-

247 2112 358 2169 bus
385 2111 602 2170 divinis
624 2155 641 2185 .,
673 2133 919 2191 quarum
946 2124 1183 2171 tantum
1206 2115 1542 2172 custodiam
1568 2111 1677 2170 sibi
1693 2113 1990 2172 adscribit.
2011 2115 2387 2195 Prosequitur

246 2229 387 2267 vero
433 2206 579 2265 ibid.
643 2208 967 2290 Imperator
1021 2230 1036 2264 t
1094 2209 1221 2287 Qui
1247 2213 1413 2267 onim
1448 2230 1648 2267 sacros
1704 2229 1959 2267 canones
2007 2210 2383 2282 custodiunt,

245 2307 503 2364 Domini
529 2306 653 2363 Dei
671 2305 977 2382 adjutorio
1005 2306 1183 2383 diqni
1209 2315 1357 2363 sunt
1390 2329 1408 2371 ,·
1443 2309 1560 2384 qui
1582 2315 1787 2363 autem
1811 2306 2386 2384 transyredictntur‚

242 2405 367 2479 ipsi
390 2405 727 2480 semetipsos
737 2402 989 2480 judicio
1031 2403 1303 2460 reddunt
1334 2403 1635 2461 obnoxios.
1669 2402 1728 2459 Si
1766 2422 1836 2459 ex
1869 2404 2230 2483 Imperatore
2251 2424 2384 2462 reus

242 2499 310 2556 fit
334 2518 530 2557 coram
553 2498 698 2572 De0‚
714 2499 816 2578 qui
842 2519 1032 2557 sacros
1061 2518 1313 2557 canones
1336 2497 1796 2578 transgreditur,
1820 2519 1954 2580 ergo
1971 2503 2033 2557 in
2061 2498 2383 2558 canonibus

241 2595 480 2673 agnovit
503 2594 623 2654 vim
645 2592 943 2674 obligandi
963 2594 1025 2653 in
1044 2595 1400 2654 conscientia
1422 2621 1438 2669 ς
1468 2595 1719 2677 ideoque
1738 2596 1859 2654 vim
1884 2618 2006 2654 non
2035 2607 2384 2655 mutuantur

202 2681 206 2684 i
241 2712 310 2750 ex
348 2691 723 2772 Imperatoris
766 2692 1088 2751 sanctione.
1130 2691 1419 2751 Accedens
1444 2691 1660 2751 deinde
1689 2693 1962 2774 proprius
1997 2692 2072 2750 ad
2116 2714 2242 2751 rem
2273 2713 2382 2750 no-

239 2800 461 2862 stram,
489 2799 695 2870 aperte
714 2788 1025 2868 profitetur
1045 2787 1168 2847 vim
1198 2787 1623 2868 prohibitivam
1641 2787 1702 2844 in
1734 2786 2055 2846 canonibus
2066 2830 2087 2859 ,
2128 2786 2327 2846 dicens
2361 2810 2374 2844 ε

244 2885 421 2964 Quod
442 2895 646 2942 autem
685 2885 891 2942 divini
925 2904 1180 2941 canones
1208 2884 1539 2962 prohibent
1571 2885 1812 2963 clericos
1847 2904 1991 2952 esse,
2035 2886 2147 2962 qui
2166 2904 2382 2942 secu-n·

237 2984 382 3039 dam
419 3001 672 3039 umorem
716 2981 1067 3051 duxerunt,
1114 2990 1168 3037 et
1207 2982 1366 3036 inter
1394 2990 1623 3037 sanctos
1667 2980 1938 3038 Basilius
1987 2980 2198 3038 docens
2241 2984 2375 3038 ait:

234 3079 524 3156 De'yamos
561 3076 769 3136 Canon
791 3078 1134 3134 ministerio
1158 3077 1414 3134 exclusit
1440 3086 1495 3133 et
1529 3097 1600 3133 ea·
1621 3078 1701 3133 iis
1723 3080 2087 3156 progenitos.
2124 3078 2380 3136 Demum

228 3173 531 3245 [concludit
551 3175 587 3233 J
592 3172 918 3231 ustinianus
947 3194 960 3230 :
990 3172 1110 3230 His
1140 3177 1358 3252 iqitur,
1391 3195 1523 3251 quoe
1548 3177 1740 3231 sacris
1769 3173 2111 3231 canonibus
2132 3173 2379 3249 definita

234 3281 406 3339 sunt,
434 3274 799 3339 insistentes,
825 3278 1173 3348 praesentem
1206 3272 1515 3327 sancimus
1546 3270 1726 3349 leqem
1744 3267 1857 3348 (2).
1876 3266 2105 3346 Quibus
2128 3267 2190 3326 in
2216 3278 2378 3327 ante·

232 3385 458 3425 cessum
484 3368 638 3425 visus
660 3378 747 3425 est
774 3366 1100 3447 imperator
1123 3365 1352 3423 axioma
1377 3375 1640 3425 evertere
1667 3386 1699 3423 a
1724 3362 2145 3425 recentioribus
2174 3363 2372 3423 aulicis

301 3658 366 3719 (l)
398 3655 556 3706 Novel.
596 3673 810 3706 cxxxvn.
1416 3656 1484 3719 (2)
1520 3656 1645 3705 Ibid.
