2612 4146
480 214 605 252 cAP.
652 213 710 250 11.
761 214 829 252 DE
872 213 1125 252 oxomum
1169 213 1399 253 Numano
1440 215 1507 251 ΕΤ
1550 213 1864 252 mamurii.
2134 195 2233 254 >85
2280 221 2282 223 ·

125 354 368 418 Ordines
410 365 532 414 tam
563 358 808 432 majores
842 376 1024 436 quam
1062 355 1317 415 minores
1351 353 1631 416 divinitus
1675 355 1894 415 fuerint
1937 356 2189 416 instituti
2217 403 2234 431 .,

123 474 199 511 an
239 471 375 512 vero
414 454 531 509 tres
561 448 902 508 hierarchici
934 461 1166 509 tantum
1186 495 1203 525 ,
1240 450 1615 531 Episcopatus
1649 448 1949 525 videlicet,
1995 450 2240 531 Presby-

123 556 346 605 teratus
377 555 436 604 et
467 544 832 603 DiaconatuS.
864 547 1174 626 Propterea
1210 543 1666 604 4⁰*dissentiunt
1686 589 1702 613 .,
1741 555 1937 603 utrum
1971 544 2240 605 omnibus

124 662 196 701 ex
232 660 393 721 aequo
419 637 736 698 Ordinibus
768 638 1015 718 dignitas
1047 638 1402 697 Sacramenti
1429 650 1724 719 competat
1755 661 1864 698 nec
1892 661 1988 698 ne.
2030 684 2035 689 .

203 734 304 794 25.
326 736 443 792 Nos
466 732 774 807 methodo,
795 754 970 814 quam
990 731 1524 812 sectari-coepimuffi
1541 722 1903 810 insistenteS‚
1923 735 2084 816 prius
2107 756 2233 816 quae

125 828 200 888 ad
228 828 405 888 fidem
433 827 734 908 pertinent
763 825 1219 897 vindicabimus3
1259 835 1460 906 postea
1485 824 1886 901 adstrnemus,
1916 850 2044 909 quae
2072 849 2232 889 nunc

126 923 286 1005 apud
316 922 632 1001 Theologos
661 933 816 981 certa
851 941 916 980 ac
952 931 1078 978 rata
1104 930 1276 992 sunt;
1313 918 1552 978 demum
1582 920 1870 980 nonnulla
1898 922 2235 1000 adjiciemus

125 1018 349 1097 scholia
374 1017 450 1078 ad
486 1040 553 1079 ea
585 1015 928 1098 illustranda
948 1061 966 1091 a
991 1014 1064 1076 de
1086 1014 1296 1097 quibus
1326 1015 1518 1075 adhuc
1551 1014 1828 1095 Theologi
1851 1017 2005 1077 inter
2035 1040 2096 1078 se
2131 1018 2239 1078 de-

126 1125 374 1174 certant.

944 1246 1346 1301 PROPOSITIO
1401 1247 1448 1300 Ι.

126 1407 239 1466 Est
276 1409 344 1462 in
377 1403 541 1463 Novo
582 1403 736 1463 Text.
777 1402 1190 1461 Sacerdotium
1228 1403 1461 1461 visibile
1492 1412 1547 1460 et
1571 1412 1887 1461 eateruum
1922 1425 1963 1461 a
2009 1404 2238 1462 Christo

206 1502 465 1563 Domino
504 1503 851 1558 institutum
874 1545 892 1568 ,
932 1499 1096 1576 quod
1138 1518 1262 1556 uon
1299 1508 1385 1556 est
1421 1498 1704 1556 omnihus
1753 1518 2100 1567 commune,
2139 1499 2244 1557 sed

202 1595 616 1675 Apostolorum
642 1597 977 1673 proprium
999 1640 1016 1662 ,
1056 1603 1294 1651 eaterno
1322 1595 1450 1651 ritu
1478 1596 1548 1650 iu
1582 1594 1855 1652 Ecclesia
1882 1614 2239 1672 propagau-

207 1691 392 1764 dum,
434 1695 544 1749 cui
581 1693 861 1770 competit
897 1710 1038 1748 vera
1081 1689 1466 1748 Sacramenti
1503 1692 1684 1747 ratio.
2007 1683 2012 1688 ’

208 1881 314 1940 26.
345 1881 607 1953 Quatuor
631 1889 826 1962 partes
854 1877 1259 1959 complectitur
1285 1876 1640 1958 propositio:
1667 1876 2009 1935 institutum
2031 1896 2245 1957 nempe

129 1998 161 2035 a
195 1975 423 2034 Christo
453 1975 624 2034 fuisse
651 1975 713 2032 in
743 1975 906 2033 Nova
937 1974 1083 2052 Lege
1116 1982 1425 2031 externum
1449 1991 1514 2030 ac
1544 1970 1772 2030 visibile
1805 1968 2240 2043 Sacerdotium3

132 2070 242 2129 hoc
279 2091 419 2131 vero
459 2067 853 2128 Sacerdotium
883 2088 1005 2126 non
1036 2088 1159 2126 esse
1203 2086 1515 2126 commune
1558 2063 1827 2124 omnibus
1873 2063 2233 2137 christianis3

128 2164 284 2224 idem
307 2163 698 2223 Sacerdotium
731 2173 974 2223 externo
1003 2162 1120 2220 ritu
1142 2182 1265 2221 esse
1298 2159 1745 2242 propagandum
1766 2160 1831 2217 in
1864 2157 2144 2230 Ecclesia3
2178 2169 2241 2216 et
2305 2228 2317 2237 .

131 2259 368 2319 demum
402 2259 537 2317 huic
564 2259 701 2317 ritui
737 2268 1067 2339 competere
1105 2255 1450 2336 dignitatem
1479 2254 1856 2326 Sacramenti.

208 2356 311 2414 27.
343 2354 532 2412 Prima
556 2375 691 2434 pars
717 2353 791 2414 de
816 2352 930 2412 fide
956 2363 1043 2413 est
1066 2374 1099 2410 a
1123 2352 1300 2425 Cone.
1322 2350 1694 2425 Tridentino,
1714 2371 1851 2409 sess.
1883 2349 2071 2407 XXIII
2093 2393 2109 2422 ,
2135 2347 2245 2406 hoc

135 2469 261 2507 can.
294 2450 318 2508 Ι
353 2448 591 2507 definita
619 2472 632 2506 :
679 2450 752 2507 Si
784 2453 921 2528 quis
962 2450 1215 2517 dixerit,
1257 2468 1380 2505 uon
1415 2467 1529 2504 esse
1570 2450 1641 2503 iu
1672 2445 1836 2504 Novo
1882 2447 2247 2502 Testameuto

136 2546 547 2603 Sacerdotium
587 2546 816 2602 visibile
851 2555 907 2624 et
931 2553 1243 2600 externum
1262 2588 1278 2610 ,
1317 2544 1405 2599 vel
1436 2561 1555 2598 uon
1595 2560 1713 2598 esse
1739 2548 2083 2617 potestatem
2129 2538 2249 2595 ali-

135 2660 320 2717 quam
346 2638 735 2696 consecraudi
756 2647 808 2696 et
836 2637 1118 2714 offerendi
1143 2656 1357 2693 verum
1392 2635 1624 2713 Corpus
1645 2644 1701 2691 et
1723 2635 2091 2712 Sanquinem
2124 2632 2248 2690 Do-

136 2736 328 2802 mini,
362 2744 418 2791 et
438 2743 683 2811 peccata
718 2732 1064 2789 remittendi
1082 2736 1138 2787 et
1159 2729 1491 2798 retinendi,
1518 2730 1625 2787 sed
1652 2729 1904 2805 officium
1932 2736 2172 2786 tautum
2196 2735 2254 2784 et

136 2829 372 2887 nudum
406 2830 816 2886 ministerium
837 2825 1231 2905 proedicaudi
1248 2825 1649 2903 Evangelium
1667 2870 1682 2891 ‚
1712 2824 1801 2880 vel
1831 2843 1951 2890 eos,
1991 2824 2101 2899 qui
2131 2841 2253 2877 nou

127 2923 504 3000 proedicaut,
517 2942 772 3001 prorsus
805 2941 925 2980 nou
957 2942 1073 2979 esse
1099 2920 1467 2988 Sacerdotes,
1507 2918 1830 2977 anathema
1862 2920 1958 2975 sit.
1995 2914 2252 2995 Reliquae

140 3027 331 3076 autem
380 3028 574 3099 partes
609 3018 784 3075 etiam
825 3015 900 3074 ad
951 3015 1128 3075 fidem
1168 3015 1503 3096 pertinent,
1546 3023 1749 3094 utpote
1789 3010 2035 3070 totidem
2066 3008 2251 3068 corol-

141 3109 313 3186 laria,
346 3134 478 3193 quae
519 3112 838 3171 arctissimo
879 3131 1035 3169 nexu
1076 3123 1210 3168 cum
1245 3110 1436 3191 prima
1471 3117 1904 3167 connectuntur
1925 3149 1942 3178 ‚
1978 3115 2035 3163 et
2077 3123 2149 3162 ex
2185 3123 2252 3162 ea

143 3208 456 3266 necessario
482 3206 804 3288 profluunt.

224 3300 412 3360 28..1.
455 3303 543 3361 Sic
589 3324 727 3362 vero
774 3302 1024 3384 primam
1074 3310 1307 3382 partem
1356 3299 1676 3359 evincimus
1715 3317 1848 3354 cum
1898 3291 2254 3351 Tridentinis

145 3394 408 3453 Patribus
427 3440 444 3468 ‚
470 3398 569 3477 qui
599 3399 660 3455 in
696 3396 793 3455 cit.
823 3418 965 3455 sess·
1000 3390 1128 3476 cap.
1165 3396 1218 3471 1,
1245 3395 1368 3453 haec
1401 3393 1675 3475 praeclare
1698 3389 1924 3448 habent
1950 3409 1964 3446 ε
2005 3388 2256 3465 Sacrifi-

143 3494 306 3547 cium
355 3499 409 3546 et
446 3492 851 3549 Sacerdotium
903 3495 990 3548 ita
1039 3492 1155 3550 Dei
1195 3491 1572 3548 ordinatione
1618 3490 1934 3562 conjuncta
1978 3493 2148 3548 sunt,
2189 3490 2259 3538 ut

146 3595 470 3662 utrumque
504 3587 570 3642 in
605 3570 771 3643 omui
796 3587 911 3664 leye
939 3588 1262 3643 extiterit...
1308 3586 1439 3643 Hoc
1464 3592 1665 3641 autem
1697 3580 1776 3638 ab
1816 3579 2016 3637 eodem
2040 3578 2259 3635 Divino

98 3720 100 3723 s
147 3680 444 3737 Salvatore
471 3689 658 3737 nostro
693 3682 1039 3738 institutum
1066 3700 1213 3748 esse,
1237 3689 1414 3756 atque
1445 3665 1749 3754 ‘Apostolis
1777 3691 2101 3750 eorumque·
2121 3687 2258 3727 suc-
