2508 4120
2049 162 2165 223 331

418 183 540 224 GAP.
590 188 678 223 111.
722 186 789 222 lm
830 185 1221 224 IMPEnmEu‘rts
1255 163 1644 238 MATR-monn,
1691 185 1809 222 E'rc.

142 328 283 387 231.
326 328 393 385 20
438 327 698 409 Idipsum
732 336 1011 408 praeterea
1040 347 1161 385 non
1205 327 1398 385 minus
1435 325 1588 385 clare
1625 325 1914 388 evinci-tur
1942 345 2014 385 ex
2042 345 2172 385 con-

62 423 241 482 stanti
274 422 532 483 Ecclesiae
551 422 831 481 'doctrina
862 433 921 481 et
955 421 1144 503 praxi.
1173 421 1485 481 Enimvero
1519 420 1766 480 Ecclesia
1797 419 1963 481 velut
1986 441 2174 480 unum

58 517 334 599 idemque
362 531 591 598 semper
616 515 823 575 habuit
846 526 1207 575 contractum
1235 525 1296 574 et
1324 517 1804 589 Sacramentum
1839 516 1921 575 ita
1944 525 2017 574 ut
2029 538 2175 575 nun-

58 621 236 692 quam
269 622 475 685 ratum
494 610 740 670 senserit
776 631 899 670 esse
935 620 1299 698 contractum
1333 609 1394 667 in
1433 609 1552 668 ullo
1587 630 1759 683 casu,
1776 630 1931 668 cum
1967 631 2040 671 ex
2070 609 2176 670 de·

57 707 211 765 fectu
233 687 633 766 conditionum
651 704 878 764 nullum
889 696 1016 764 sive
1033 705 1268 762 irritum
1296 703 1406 762 fuit
1432 688 1897 764 Sacramentum.
1930 707 2178 788 Semper

59 800 307 861 Ecclesia
342 812 410 859 ut
437 799 734 860 adulteros
761 801 1046 880 spectavit
1061 798 1192 859 illos
1219 820 1415 859 coram
1439 802 1583 876 De0.,
1612 801 1742 881 qui,
1769 802 1917 860 inito
1941 812 2178 861 tantum

58 907 359 955 contractu
397 895 586 970 civi1i‚
627 893 843 976 absque
876 895 1253 954 Sacramento
1294 894 1466 955 simul
1504 847 1988 957 cohabitaverint.
2033 898 2180 956 Pro·-

60 1013 334 1051 vocamus
360 992 548 1073 reipsa
575 990 964 1065 adversariOS‚
988 1001 1055 1049 ut
1081 1013 1153 1050 ex
1185 1001 1306 1049 tota
1335 990 1688 1072 antiquitate
1720 991 1811 1053 vel
1841 1013 2027 1050 unum
2049 1013 2186 1074 pro--

58 1088 248 1147 ferant
265 1084 599 1168 exemplum
628 1086 1018 1158 Matrimonii,
1045 1084 1204 1167 quod
1234 1084 1480 1151 Ecclesia
1522 1097 1807 1168 tanquam
1843 1086 2175 1166 legitimum

59 1183 395 1262 agnoverit,
426 1203 494 1241 eo
532 1181 688 1263 quod
720 1183 888 1260 juxta
927 1181 1078 1262 leges
1119 1174 1312 1243 civiles
1351 1181 1710 1241 celebratum
1740 1183 1813 1241 sit
1839 1227 1854 1257 ‚
1903 1182 2179 1262 neglectis

60 1276 487 1339 conditionibus
511 1298 543 1335 a
566 1298 626 1336 se
652 1277 1002 1336 constitutis.
1041 1278 1231 1350 Quare
1247 1322 1263 1351 7
1290 1288 1358 1335 ut
1383 1278 1649 1358 superius
1689 1277 1942 1337 vidimus
1963 1322 1980 1352 a
2011 1276 2180 1337 iden-

62 1372 198 1430 titas
224 1372 345 1431 haec
370 1383 699 1431 contractus
736 1384 796 1432 et
828 1373 1187 1432 Sacramenti
1213 1372 1501 1454 praecipua
1540 1372 1853 1432 difficultas
1889 1372 2086 1432 extitit
2111 1372 2179 1431 in

60 1468 315 1526 Concilio
354 1467 697 1527 Tridentino
745 1467 820 1526 ad
865 1468 1151 1527 irritanda
1193 1469 1564 1528 Matrimonia
1601 1468 1998 1546 clandestina,
2046 1490 2184 1528 cum

55 1561 216 1619 nulla
246 1563 321 1620 sit
357 1561 618 1621 Ecclesiae
651 1572 904 1644 potestas
934 1563 1000 1621 in
1041 1564 1402 1622 Sacramenti
1438 1563 1849 1623 substantiam.
1896 1555 2182 1623 Omnium

53 1655 278 1737 primus
306 1656 587 1716 Melchior
615 1657 806 1715 Canus
827 1657 1148 1717 insinuavit
1169 1658 1526 1717 sententiam
1549 1657 1622 1717 de
1651 1657 1870 1740 duplici
1899 1657 2179 1718 distincta

55 1754 326 1810 realitate
357 1753 419 1810 in
446 1761 749 1811 contractu
777 1764 837 1812 et
863 1755 1237 1813 Sacramento
1264 1754 1660 1827 Matrimonii,
1701 1764 1768 1811 ut
1801 1754 1882 1812 ita
1909 1775 1970 1813 se
1999 1754 2185 1813 extri-

60 1857 215 1905 caret
245 1867 276 1903 a
302 1846 649 1926 gravissimis
672 1846 1132 1922 difficultatibus,
1165 1848 1375 1928 quibus
1390 1849 1571 1907 sensit
1598 1848 1791 1926 urgeri
1814 1869 2029 1910 novam
2057 1870 2089 1907 a
2122 1869 2184 1908 se

62 1941 418 2021 propositam
457 1941 816 2018 doctrinam,
846 1943 922 2001 de
952 1943 1259 2002 Sacerdote
1286 1943 1553 2001 ministro
1586 1944 1944 2002 Sacramenti
1980 1944 2184 2003 Matri-

59 2037 240 2094 monii
269 2036 376 2116 (1).
1749 2046 1754 2056 ⁴

142 2131 285 2190 232.
335 2132 562 2192 Deinde
601 2144 872 2193 constans
914 2134 1174 2193 Ecclesiae
1208 2137 1402 2215 praxis
1436 2134 1497 2192 in
1531 2133 1885 2193 vindicanda
1923 2132 2036 2192 sibi
2076 2133 2186 2192 soli

60 2219 350 2307 vpotestate
364 2228 660 2287 statuendi
681 2229 1106 2310 impedimenta
1124 2228 1457 2287 dirimentia
1483 2238 1711 2286 constat
1735 2228 1796 2286 10
1814 2250 1885 2288 ex
1908 2249 2000 2304 ec,
2025 2227 2185 2310 quod

63 2320 186 2399 ipsa
210 2322 629 2403 impedimenta
661 2323 781 2383 haec
803 2324 1170 2383 constituerit
1199 2322 1384 2382 tribus
1415 2322 1705 2404 prioribus
1732 2323 2001 2383 Ecclesiae
2028 2344 2186 2382 secu-

65 2413 164 2488 lis,
190 2426 257 2473 ut
287 2415 460 2475 allata
476 2418 828 2478 documenta
849 2418 1203 2492 ostendunt,
1233 2419 1313 2476 ita
1345 2429 1412 2475 ut
1436 2418 1598 2475 irrita
1629 2415 1901 2475 habuerit
1922 2418 2188 2497 conjugia

67 2608 198 2672 quit,
227 2622 333 2652 cum
359 2605 477 2653 nulli
505 2615 617 2653 tunc
655 2608 875 2670 temporis
891 2604 1081 2654 'Princi-
1167 2605 1372 2654 dimenta
1405 2606 1668 2663 dirimente.
1717 2605 1852 2671 Quod
1883 2608 1919 2654 si
1953 2606 2189 2671 Principes

66 2705 147 2753 pes
180 2687 418 2735 christiani
447 2689 719 2750 extiterint3
753 2688 946 2736 alterum
975 2705 1082 2744 vero

67 2779 292 2835 repugnat
328 2805 340 2827 ‚
403 2769 612 2835 alioquin
661 2772 800 2817 etiam
848 2769 1082 2834 Principes

69 2851 308 2900 acatholici
343 2861 390 2900 et
423 2851 633 2904 infideles
664 2861 878 2916 possent,
918 2852 1081 2900 saltem

70 2934 328 2991 indirecte,
372 2945 424 2982 ut
456 2934 699 2983 adversarii
750 2946 1072 3000 propugnant,

72 3017 251 3063 irritum
288 3016 439 3065 facere
487 3016 868 3077 Sacramentum,
909 3020 974 3065 uti
1007 3036 1083 3066 su-

74 3099 227 3160 perius
248 3097 571 3148 adnotavimus
590 3135 603 3158 ‚
630 3101 708 3164 jus
734 3110 994 3148 exercentes
1026 3100 1078 3148 iu

49 3176 352 3227 ‘Sacramenti
370 3183 622 3228 materiam.
652 3179 775 3245 Quid
805 3199 911 3229 vero
937 3185 1081 3246 magis

78 3259 301 3308 absonum
336 3261 427 3310 dici
456 3272 535 3310 aut
569 3262 679 3327 fingi
720 3270 871 3326 potest
891 3301 904 3321 ‚
933 3281 1079 3329 quam

77 3360 130 3390 ex
163 3342 393 3391 voluntate
429 3342 654 3405 Neronis,
694 3343 944 3409 Caligulae,
989 3355 1077 3395 etc.

77 3423 288 3471 debuisse
326 3425 521 3488 pendere
561 3426 761 3474 valorem
791 3429 988 3475 materiae
1023 3427 1080 3475 ad

79 3503 424 3554 Sacramentum
441 3502 776 3556 efficiendum?
801 3507 904 3556 Huc
927 3520 1081 3558 tamen

78 3589 291 3637 devenire
322 3588 489 3637 debent
508 3626 522 3647 ‚
565 3591 644 3654 qui
668 3589 791 3638 hanc
817 3590 1080 3639 facultatem

74 3669 284 3717 tribuunt
303 3669 591 3734 Principibus
610 3672 919 3720 constituendi
941 3675 1087 3737 impe-

1130 2733 1132 2737 .
1167 2686 1380 2736 infideles
1408 2689 1531 2736 hanc
1564 2698 1834 2753 potestatem
1880 2705 1978 2735 non
2018 2687 2188 2737 habue-

1166 2779 1316 2829 runt,
1351 2769 1587 2835 quomodo
1625 2770 1747 2817 hanc
1792 2772 2029 2818 consecuti
2076 2780 2188 2817 sunt

1166 2852 1488 2916 amplectendo
1534 2853 1804 2916 religionem
1858 2852 2181 2914 christianam,

1165 2934 1278 2982 adeo
1296 2944 1369 2993 ut,
1406 2934 1518 2982 dum
1550 2935 1632 2982 filii
1664 2934 1879 2983 Ecclesiae
1909 2944 2187 2997 evaserunt,

1115 3058 1126 3065 .
1166 3018 1485 3065 auctoritatem
1519 3018 1818 3082 acquisierint
1853 3020 1904 3063 in
1947 3033 2036 3075 ea,
2082 3030 2188 3080 quae

1165 3100 1388 3161 privative
1427 3110 1470 3147 et
1486 3099 1718 3148 exclusive
1743 3098 1801 3147 ad
1833 3097 2087 3145 Ecclesiam
2117 3098 2190 3161 ip-

1165 3197 1263 3228 sam
1295 3181 1598 3245 spectabant?
1630 3181 1725 3229 Hoc
1754 3196 1936 3228 rursum
1966 3180 2174 3226 evincere
2254 3184 2258 3187 ’

1165 3262 1388 3311 deberent
1435 3264 1695 3312 adversarii.
1742 3261 1837 3309 Cfr.
1872 3260 2136 3309 Muzzarelli
2170 3297 2185 3321 ,

1165 3360 1324 3410 opusc.
1348 3349 1427 3394 cit.
1457 3363 1562 3410 pag.
1593 3343 1691 3393 215
1721 3354 1766 3392 et
1798 3361 1895 3409 seq.

1234 3426 1306 3490 (l)
1327 3427 1406 3476 De
1435 3426 1548 3475 locis
1580 3425 1719 3474 theol.
1742 3425 1827 3475 lib.
1861 3442 1943 3473 vm
1967 3464 1980 3485 ,
2010 3443 2115 3491 cap.
2136 3423 2184 3473 5.

1164 3506 1254 3557 Sed
1284 3509 1371 3558 cfr.
1409 3526 1510 3574 quae
1544 3517 1702 3556 contra
1745 3526 1852 3557 eum
1880 3510 2060 3573 scripsit
2086 3506 2187 3554 Bel-

1165 3590 1352 3639 larmin.
1384 3589 1455 3639 De
1482 3587 1765 3639 Matrimon.
1795 3608 1898 3656 cap.
1932 3607 1980 3656 7.
