2508 4120
612 181 731 221 cAP.
776 184 857 222 ιν.
908 184 977 221 nn
1020 180 1388 221 munificans
1433 180 1645 218 mx'ris.
2061 157 2180 216 379

159 325 299 384 295.
349 323 437 383 Ad
469 323 549 382 3¹¹³
565 370 581 399 ,
606 326 783 384 Juxta
806 324 1196 384 communiter
1219 322 1615 402 contingentia
1633 365 1649 394 .,
1677 341 1874 387 cona:
1894 315 2178 394 absolute,

79 415 209 500 may.
251 423 402 478 Deus
434 419 864 500 proenunciavit
894 416 1245 489 inadductis
1274 414 1468 476 verbis
1487 459 1508 487 ,
1545 415 1705 498 quod
1739 425 1996 496 spectata
2021 434 2185 473 como

78 517 244 575 muni
284 509 622 576 infirmitate
653 515 900 577 ,evenire
927 512 1074 573 solet
1091 557 1107 586 ,
1138 513 1384 571 minime
1409 532 1549 573 vero
1571 510 1729 593 quod
1757 512 1838 570 ita
1860 510 2183 571 necessario

78 622 138 670 et
163 609 425 669 absolute
444 609 678 669 evenire
699 608 929 681 debeat3
949 606 1206 688 alioquin
1227 605 1299 666 de
1327 605 1442 665 fide
1455 610 1582 684 jam
1604 617 1776 681 esset,
1798 604 2187 688 inseparabile

79 714 139 764 et
167 703 487 770 universim
524 702 822 764 adnexum
848 723 971 762 esse
1001 701 1088 760 his
1130 701 1407 780 conjugiis
1437 723 1559 760 non
1592 700 1782 760 solum
1818 700 2143 783 periculu'm
2166 744 2185 774 .,

77 798 180 861 sed
209 799 395 879 ipsam
423 799 892 879 perversionem3
934 807 1224 878 quotquot
1265 806 1543 877 praeterea
1583 796 1870 874 ejusmodi
1892 794 2185 855 connubia

77 894 290 969 iniere,
322 892 468 975 lapsi
491 904 685 952 essent
713 893 774 950 in
796 891 1186 951 idololatriam
1210 901 1269 951 et
1295 891 1356 950 in
1381 889 1828 965 infidelitatem3
1856 912 1991 973 quae
2009 912 2189 973 quam

78 987 286 1070 procul
313 987 534 1047 distent
557 1009 590 1045 a
613 1008 754 1047 vero
773 1031 789 1061 ‚
815 986 1002 1045 allatis
1035 986 1316 1068 exemplis
1333 984 1647 1070 edocemur
1674 986 1783 1066 (1).

81 1142 87 1147 ,
160 1082 300 1141 296.
346 1082 433 1142 Ad
461 1081 579 1154 4¹¹¹,
613 1084 765 1142 Dz‘st.
796 1082 854 1140 Si
877 1080 974 1140 lex
1010 1081 1246 1141 moralis
1282 1103 1383 1141 seu
1414 1080 1694 1144 naturalis
1722 1091 1952 1141 vetaret
1971 1080 2191 1163 aliquid

82 1178 394 1236 intrinsece
415 1175 637 1235 malum
655 1221 672 1251 ‚
699 1169 892 1246 conc&
924 1177 969 1235 si
994 1175 1212 1258 aliquid
1240 1187 1398 1238 vetet
1416 1221 1432 1250 ,
1467 1175 1626 1257 quod
1648 1174 1762 1235 tale
1783 1174 2046 1236 absolute
2071 1196 2192 1235 non

83 1273 158 1331 sit
186 1317 202 1347 .,
231 1294 361 1353 neq.
390 1274 567 1331 Porro
584 1276 710 1350 jam
746 1271 1105 1331 ostendimus
1123 1316 1141 1348 ‚
1165 1270 1490 1354 periculum
1507 1316 1524 1346 ,
1551 1270 1708 1353 quod
1737 1271 1892 1331 inest
1919 1270 2194 1350 conjugiis

84 1367 314 1441 mixtiS‚
355 1366 640 1445 ejusmodi
665 1389 785 1425 non
810 1387 944 1445 *esse
969 1411 985 1441 ,
1031 1379 1098 1425 ut
1123 1366 1391 1426 absolute
1416 1367 1602 1427 averti
1641 1387 1706 1425 ac
1747 1367 2039 1427 removeri
2067 1387 2190 1425 non

85 1463 285 1544 possit.
337 1461 424 1521 Ad
477 1460 799 1540 legitimam
861 1473 1058 1521 autem
1107 1462 1510 1522 auctoritatem
1565 1473 1788 1544 spectat
1836 1462 2149 1523 decernere
2175 1508 2193 1538 ‚

86 1555 322 1637 quando
367 1566 427 1615 et
476 1577 777 1636 quousque
823 1557 1129 1616 immineat
1177 1557 1321 1616 illud
1361 1555 1683 1638 periculum
1705 1601 1721 1631 ‚
1781 1568 1841 1616 et
1882 1556 2074 1617 media
2121 1554 2197 1615 ad

86 1649 232 1708 illud
260 1650 655 1711 amovendum
677 1650 885 1709 idonea
906 1649 1299 1732 praescribere.
1333 1652 1473 1721 Quae
1498 1651 1546 1708 si
1567 1650 1894 1710 executioni
1917 1648 2199 1711 manden-

89 1755 186 1804 tur
208 1791 224 1819 .,
260 1744 458 1806 divina
486 1745 813 1826 opitulante
838 1746 1017 1826 gratia
1039 1791 1056 1820 7
1096 1745 1418 1828 periculum
1453 1757 1554 1805 aut
1580 1747 1822 1805 omnino
1851 1757 2033 1806 cessat
2051 1791 2069 1821 ‚
2097 1756 2198 1805 aut

89 1839 295 1899 saltem
324 1851 616 1900 remotum
652 1841 720 1898 fit
747 1841 857 1920 (2).

170 1935 310 1994 297.
362 1934 447 1992 Ad
496 1934 615 2008 511¹,
652 1935 802 2014 Ney.
846 1956 1077 2016 semper
1116 1936 1472 1994 intervenire
1522 1935 1880 1995 Sacramenti
1919 1935 2197 2018 profana-

94 2032 314 2089 tionem
363 2030 427 2087 in
465 2030 741 2109 conjugiis
787 2030 984 2089 mixtis
1006 2076 1021 2104 ‚
1067 2032 1192 2092 sive
1236 2031 1504 2090 minister
1551 2042 1857 2090 censeatur
1879 2028 2155 2092 Sacerdos
2180 2077 2196 2106 ,

92 2127 212 2188 sive
254 2123 525 2184 dicantur
545 2126 978 2186 contrahentes,
1024 2128 1299 2187 Sacerdos
1337 2127 1495 2187 enim
1522 2149 1642 2186 non
1679 2140 1912 2210 peccat,
1935 2130 1985 2188 si
2020 2128 2201 2191 admi-

91 2222 301 2279 nistret
325 2221 692 2280 Sacramenta
712 2266 728 2294 ,
774 2219 1006 2302 publice
1053 2243 1118 2281 ac
1152 2221 1415 2306 legitime!
1435 2221 1769 2304 petentibus
1802 2244 1902 2299 ea,
1933 2224 2199 2305 quamvis

93 2316 318 2396 private
346 2315 486 2374 sciat
512 2315 817 2396 indignum
853 2338 975 2376 esse
1006 2317 1106 2399 qui
1133 2318 1317 2399 petit,
1352 2329 1419 2376 ut
1452 2329 1660 2376 notum
1697 2328 1806 2377 est.
1849 2322 2025 2378 Porro
2057 2320 2204 2400 legi·

95 2410 239 2468 time
277 2408 360 2466 illi
400 2420 598 2490 petere
635 2422 947 2470 censentur
988 2408 1557 2471 administrationem
1598 2413 1957 2472 Sacramenti
1997 2415 2204 2474 Matri·

213 2632 222 2640 .
265 2631 275 2640 .
314 2601 475 2643 careat
502 2597 792 2651 successibus,
823 2603 930 2655 opto
945 2632 956 2650 ‚

155 2678 368 2736 Quisquis
423 2677 479 2722 ab
525 2683 681 2722 eventu
735 2678 858 2734 sacta
909 2680 1112 2741 notanda

199 2765 344 2818 putat.

92 2882 97 2885 -
169 2848 238 2911 (l)
275 2848 374 2897 cfr.
405 2848 594 2896 Pontius
620 2848 707 2895 loc.
744 2850 820 2895 cit.

171 2928 235 2988 (2)
270 2928 739 2978 Animadvertendum
769 2943 875 2975 vero
910 2925 986 2975 hic
1012 2933 1106 2987 est,

104 3009 289 3074 quando
333 3010 468 3059 Rom.
514 3010 722 3059 Pontifex
780 3010 1013 3075 dispensat
1064 3012 1114 3059 in

104 3091 176 3137 his
213 3087 468 3157 conjugiis,
504 3094 655 3157 ipsum
694 3100 877 3141 tantum
925 3091 1112 3157 dispen-

105 3188 202 3219 sare
232 3173 282 3218 in
325 3189 379 3221 eo
403 3209 416 3230 ‚
447 3172 572 3238 quod
614 3174 713 3239 ejus
755 3175 966 3236 potestati
1005 3174 1115 3221 sub-

103 3254 259 3317 jicitur
284 3289 297 3312 ‚
336 3254 546 3302 videlicet
579 3256 629 3302 in
670 3254 768 3318 lege
813 3253 1115 3303 ecclesiastica

106 3332 380 3396 prohibente
409 3335 636 3401 ejusmodi
674 3337 887 3399 nuptias,
917 3352 1014 3383 non
1029 3353 1113 3385 au-

107 3425 197 3461 tem
243 3415 376 3463 illum
422 3416 685 3481 dispensare
721 3427 801 3464 aut
853 3417 1116 3482 dispensare

109 3512 236 3558 posse
269 3499 319 3543 in
362 3496 457 3562 lege
505 3499 701 3546 naturali
743 3498 1014 3562 prohibente
1062 3518 1113 3549 ea
1172 3500 1176 3505 ’

108 3579 317 3642 conjugia
359 3580 533 3628 ratione
571 3576 796 3644 periculi.
840 3578 1024 3646 Quare,
1073 3584 1111 3630 si

1195 2615 1496 2668 perseveraret
1546 2605 1802 2669 periculum
1844 2608 2148 2669 perversionis
2186 2645 2202 2667 ,

1196 2702 1492 2752 nequaquam
1544 2686 1700 2735 liceret
1761 2686 1879 2735 illud
1936 2689 2202 2754 conjugium

1194 2768 1299 2814 iniri
1326 2803 1342 2829 ,
1387 2769 1496 2833 quia
1544 2770 1711 2833 vigeret
1756 2770 1932 2834 integra
1993 2771 2207 2819 naturalis

1196 2846 1428 2911 obligatio.
1483 2847 1537 2896 Id
1582 2866 1717 2913 porro
1765 2849 1920 2898 locum
1978 2850 2170 2900 haberet
2188 2887 2202 2911 ‚

1196 2948 1344 2995 quum
1383 2948 1478 2979 non
1518 2934 1674 2979 omnia
1718 2932 1941 2998 adjuncta
1991 2931 2206 2982 Pontifici

1197 3012 1421 3075 patefacta
1438 3013 1627 3061 fuerint.
1655 3012 1838 3061 Etenim
1855 3051 1869 3075 ,
1887 3015 1925 3062 si
1939 3016 2095 3063 omnia
2118 3012 2207 3080 ipsi

1199 3102 1356 3157 aperte
1381 3094 1556 3142 fuerint
1583 3097 1786 3160 exposita
1808 3132 1822 3151 ,
1847 3105 1891 3144 et
1919 3095 2058 3144 Rom.
2088 3096 2211 3145 Pon-

1197 3175 1307 3222 tifex
1356 3175 1742 3240 dispensationem
1796 3177 2018 3227 concedat
2047 3213 2061 3237 ‚
2110 3195 2207 3226 non

1198 3256 1370 3321 absque
1424 3260 1674 3306 temeritate
1715 3268 1865 3323 posset
1915 3261 1967 3306 in
2011 3258 2209 3308 dubium

1200 3341 1431 3400 revocari,
1454 3349 1609 3387 utrum
1639 3339 1764 3388 licite
1793 3338 2059 3406 conjugium
2089 3341 2211 3390 cele-

1197 3420 1318 3468 brari
1337 3424 1497 3485 possit3
1515 3424 1711 3486 supponi
1727 3425 1853 3470 enim
1867 3421 2069 3484 deberet,
2085 3424 2207 3472 Pon-

1198 3502 1369 3551 tificem
1408 3514 1486 3551 aut
1514 3522 1608 3552 rem
1633 3522 1731 3552 non
1751 3508 1858 3554 satis
1883 3507 2205 3573 perpendisse,

1198 3595 1276 3632 aut
1305 3602 1473 3633 errasse
1502 3585 1826 3650 dispensando.
1857 3587 1956 3638 cfr.
1995 3588 2206 3648 Pontius,

110 3658 266 3706 adhuc
288 3695 301 3718 ‚
326 3658 658 3724 dispensatione
683 3664 826 3726 posita
862 3661 1120 3723 pontificia,
1206 3665 1303 3713 loc.
1337 3668 1413 3714 cit.
1450 3683 1550 3731 cap.
1574 3665 1637 3729 8,
1669 3687 1719 3716 n.
1753 3685 1801 3733 7.
