2508 4120
2103 165 2224 226 203

553 193 671 233 CAP.
723 195 761 230 1.
806 194 874 229 DE
919 191 1272 229 MATRIMONIO
1315 192 1372 229 IN
1417 191 1478 226 SE
1521 188 1807 226 SPECTATO.

207 338 264 396 6.
313 338 391 395 Ex
427 335 516 395 his
548 358 721 416 porro
742 380 757 410 a
800 357 928 415 quae
966 334 1039 393 de
1062 333 1366 392 honestate
1403 330 1758 390 matrimonii
1792 329 2182 387 contraximus
2205 373 2221 402 .,

124 432 287 491 facile
312 431 715 510 intelliguntur
729 429 993 508 ejusdem
1009 430 1152 486 fines
1173 472 1187 500 .,
1221 429 1322 508 qui
1343 440 1460 486 tres
1485 435 1923 508 enumerantur.
1952 422 2232 504 Princeps-

126 527 362 608 quidem
393 538 566 606 atque
593 526 900 606 primarius
930 535 1018 583 est
1044 523 1399 603 procreati0‚
1440 532 1498 580 et
1525 519 1936 601 procreationis
1968 517 2230 599 comple·-

124 633 431 694 mentum7
466 620 623 701 quod
658 621 720 677 in
758 619 936 700 prolis
973 616 1394 676 sustentatione
1435 636 1500 673 ac
1548 614 1774 694 liberali
1817 615 1891 673 ad
1948 615 2229 675 virtutem

124 716 483 774 institutione
527 715 806 773 consistit.
861 712 1020 772 Alter
1060 712 1191 768 finis
1234 711 1296 767 in
1339 721 1545 767 mutuo
1575 710 1860 787 adjutorio
1900 710 2043 768 situs
2095 721 2217 785 est,

124 810 338 868 scilicet
370 810 432 867 in
477 809 772 869 communi
811 808 943 877 vitae
985 806 1292 877 societate,
1335 803 1531 862 officiis
1557 850 1572 878 .,
1618 816 1794 885 atque
1833 826 1942 885 ope
1988 817 2230 880 mutua,

125 926 301 986 quam
341 902 449 961 sibi
489 908 755 982 conjuges
801 902 1050 960 invicem
1090 911 1374 980 praestant
1420 900 1482 956 in
1519 921 1581 958 re
1618 899 1930 958 domestica
1981 899 2234 959 admini-

126 998 364 1057 stranda
387 1044 401 1072 ,
444 1010 617 1079 atque
654 999 718 1055 in
755 997 892 1056 vitae
929 994 1311 1054 incommodis
1345 994 1564 1053 facilius
1600 993 1978 1075 perferendis,
2006 995 2232 1053 Tertius

93 1094 519 1166 .Matrimonii‚
565 1112 667 1150 seu
722 1091 913 1172 potius
963 1090 1401 1148 Matrimonium
1447 1087 1916 1150 contrahentium
1961 1089 2091 1147 finis
2147 1099 2235 1147 est

126 1187 395 1247 sedandae
431 1178 908 1266 concupiscentias
932 1185 1331 1266 propositum3
1371 1185 1808 1243 Matrimonium
1838 1184 1995 1242 enim
2016 1228 2033 1258 7
2079 1182 2237 1264 quod

129 1285 282 1342 sanis
311 1281 643 1343 hominihus
661 1293 799 1341 ante
819 1292 1121 1363 peccatum
1147 1282 1267 1339 vim
1291 1291 1523 1339 tantum
1542 1279 1714 1338 officii
1741 1278 1947 1337 habuit
1965 1324 1982 1354 ‚
2010 1278 2238 1358 aegrotis.

125 1362 565 1459 postea'factum
599 1388 687 1436 est
719 1378 894 1436 etiam
928 1378 1254 1436 remedium
1277 1420 1293 1450 ,
1323 1387 1390 1435 ut
1429 1374 1735 1457 Apostolus
1768 1373 1936 1434 docet
1964 1375 2072 1454 (l).

123 1556 338 1614 insania,
367 1556 448 1619 qui
482 1556 670 1617 nuptias
695 1554 1011 1612 damnabant,
1050 1571 1132 1601 ve-

124 1655 226 1685 rum
282 1639 417 1684 etiam
458 1636 776 1702 Barbcyrachii
828 1646 872 1703 et
918 1635 1135 1684 Gibbonii

125 1719 409 1783 impudentia
442 1751 459 1778 ,
502 1735 561 1766 ex
606 1705 774 1783 quibus
821 1714 935 1766 alter
966 1719 1016 1765 in
1055 1736 1132 1783 op.

123 1799 206 1847 De
218 1798 390 1847 morali
407 1800 614 1847 Patram
635 1799 854 1847 doctrina
867 1836 879 1857 ‚
895 1800 1006 1848 alter
1029 1818 1136 1848 vero

126 1884 176 1930 in
217 1898 295 1945 op.
349 1880 428 1927 De
462 1898 578 1929 casu
622 1880 832 1946 Imperii
886 1881 1096 1928 Romani
1120 1919 1132 1939 ‚

128 1965 176 2010 in
195 1963 347 2010 Patres
360 1965 528 2027 iniqui,
547 1962 716 2010 eisdem
736 1973 988 2021 succenset,
1007 1965 1137 2027 quasi

126 2046 434 2108 impuritatem
468 2044 715 2109 quamdam
739 2081 752 2103 ‚
797 2044 950 2092 labem
983 2055 1027 2092 et
1065 2048 1139 2091 ⁴vi-

125 2127 239 2172 tium
275 2128 533 2174 invenerint
574 2128 624 2172 in
661 2125 954 2174 Matrimonia
1000 2129 1138 2174 ctiam

58 2212 61 2217 ’
125 2208 247 2271 justo
286 2213 427 2272 atque
457 2206 658 2270 legitimo
684 2242 700 2264 ‚
737 2216 977 2272 propterca
1013 2207 1138 2273 quod

130 2290 433 2352 virginitatem
473 2291 684 2354 conjugio
707 2326 720 2349 ‚
770 2290 1041 2337 viduitatem
1071 2291 1140 2337 al-

130 2375 235 2418 teris
263 2375 433 2436 nuptiis
460 2383 770 2437 anteponant3
797 2373 922 2439 quod
954 2384 1141 2429 arceant

134 2470 160 2499 a
191 2452 451 2500 Sacerdotio
477 2455 714 2502 bimaritos
731 2489 749 2514 ,
780 2465 824 2501 et
857 2472 932 2506 eos
965 2458 1049 2519 qui
1071 2457 1139 2502 vi-

135 2532 277 2579 duam
321 2534 390 2581 vel
417 2534 629 2581 ancillam
681 2535 754 2582 vel
793 2535 851 2581 ab
882 2535 972 2581 alio
1004 2552 1141 2599 repu-

135 2615 305 2661 diatam
334 2615 597 2672 duxissent;
629 2615 752 2679 quod
790 2613 1017 2686 sentiant,
1044 2616 1143 2663 Ma-

74 2755 81 2762 l
134 2699 403 2744 trimonium
440 2697 701 2762 cupiditatis
730 2696 1054 2763 explendaeque
1086 2698 1146 2744 li·-

133 2777 304 2825 bidinis
322 2779 475 2826 studio
504 2778 757 2826 ineundum
774 2796 867 2825 non
885 2794 997 2840 esse3
1018 2778 1143 2843 quod

134 2869 289 2906 vetent
315 2862 460 2906 virum
502 2877 607 2906 cum
639 2859 825 2923 gravida
858 2877 997 2907 uxore
1034 2877 1145 2906 con-

135 2956 337 2987 suescere
357 2958 371 3002 ς
403 2941 525 3005 quod
544 2939 957 3006 deniquetradant‚
975 2940 1145 2988 habere

139 3021 308 3086 aliquid
347 3026 596 3088 conjuges,
635 3023 692 3071 de
722 3039 815 3088 quo
855 3023 1142 3072 erubescant.

140 3102 199 3149 At
223 3106 326 3168 quis
359 3121 452 3151 non
471 3104 639 3165 videat,
672 3108 830 3170 inique
857 3122 1041 3169 prorsus
1061 3108 1147 3153 im-

141 3185 239 3246 pios
277 3183 484 3234 homines
529 3189 578 3234 in
631 3186 784 3233 Patres
832 3187 1147 3235 debacchari?

142 3263 215 3310 An
244 3267 351 3327 quia
379 3269 607 3329 virginitas
651 3270 938 3315 matrimonio
960 3306 973 3325 ‚
1000 3269 1146 3316 vidui·

142 3348 209 3391 las
239 3347 470 3409 praefertur
500 3348 650 3396 alteris
679 3350 853 3413 nuptiis
883 3385 896 3406 ,
928 3349 1031 3397 ideo
1073 3367 1143 3397 re—

143 3421 361 3488 probatur
386 3430 647 3492 conjugium
679 3439 729 3476 ut
751 3429 925 3475 malum
948 3432 972 3475 ἱ)
988 3429 1145 3476 Num-

142 3507 259 3570 quid
306 3516 552 3570 arqentum
595 3526 694 3557 non
731 3510 824 3557 erit
860 3519 1105 3574 arqentum
1122 3547 1139 3572 ,

143 3591 298 3654 inquit
328 3587 376 3636 S.
408 3589 712 3657 Hieronymus
731 3629 743 3651 ‚
784 3592 831 3638 ai
855 3606 1029 3639 aarum
1061 3607 1143 3640 ar·

143 3681 282 3733 qanto
315 3674 576 3737 pretiosius
617 3675 735 3720 est?
783 3674 892 3737 (lib.
932 3692 979 3737 ι,
1001 3674 1140 3724 Com.

1218 1550 1389 1600 Jovin.
1417 1569 1470 1600 n.
1507 1551 1588 1613 3).
1628 1552 1769 1600 Recte
1807 1553 1941 1599 etiam
1980 1559 2128 1599 cetera
2154 1551 2240 1599 do-

1219 1643 1413 1682 cuerunt
1432 1634 1615 1695 Patres;
1648 1650 1756 1682 cum
1783 1636 1906 1682 enim
1940 1632 1996 1679 ad
2034 1632 2239 1680 officium

1218 1726 1464 1764 nascantur
1478 1717 1708 1776 hemina,
1731 1732 1825 1763 non
1849 1714 1906 1763 ad
1934 1713 2236 1779 voluptatem,¹

1220 1798 1354 1863 culpa
1386 1798 1588 1862 profecto
1617 1815 1714 1845 non
1746 1798 1977 1845 vacabunt
2006 1832 2019 1855 ‚
2054 1798 2134 1861 qui
2169 1814 2242 1843 so-

1220 1880 1310 1927 lius
1340 1879 1584 1943 voluptatis
1622 1896 1757 1927 causa
1787 1878 1857 1927 vel
1894 1877 2241 1925 Matrimonium

1220 1963 1388 2008 ineunt
1429 1960 1504 2008 vel
1553 1960 1812 2007 abutuntur
1847 1957 2109 2022 uxoribus;
2149 1961 2243 2006 sci-

1221 2043 1328 2090 licet
1375 2043 1621 2106 procreatio
1659 2042 1913 2090 liberorum
1952 2040 2088 2088 debet
2141 2057 2238 2089 esse

1221 2124 1491 2172 hominibus
1529 2123 1697 2172 modus
1744 2124 2007 2187 cupiditatis
2035 2157 2053 2183 ‚
2100 2140 2243 2187 quem

1223 2206 1414 2253 modum
1457 2205 1564 2253 cum
1607 2220 1722 2270 saepc
1768 2204 1993 2252 transiliat
2026 2205 2243 2269 concupi-

1222 2290 1419 2347 scentia,
1472 2306 1571 2353 quae
1611 2288 1721 2352 ipsis
1759 2287 2028 2335 castioribus
2074 2289 2243 2335 animis

1223 2380 1429 2434 potenter
1452 2370 1725 2426 insidiatur,
1762 2370 1865 2417 ideo
1895 2369 2062 2417 habere
2079 2369 2243 2417 dicun-

1222 2458 1300 2500 tur
1313 2452 1486 2516 aliquid
1505 2454 1748 2516 conjuges,
1767 2451 1825 2497 de
1846 2467 1940 2516 quo
1955 2449 2240 2497 crubescant.

1224 2533 1329 2580 cfr..
1343 2533 1403 2579 D.
1424 2531 1667 2591 Gellia-‚in
1689 2529 1874 2577 Morali
1900 2529 2119 2577 doctrina
2141 2530 2245 2577 Pa-

1224 2621 1352 2660 tram
1369 2612 1636 2661 vindicata.
1662 2611 1757 2659 Cfr.
1786 2613 1941 2671 etiam,
1963 2627 2066 2677 quae
2093 2612 2151 2659 de
2172 2614 2246 2659 bis

1226 2698 1405 2760 scripsit
1438 2695 1586 2744 Clem.
1632 2693 1762 2743 Alex.
1800 2694 2002 2760 Paedaq.
2040 2694 2126 2745 lib.
2175 2713 2206 2742 u
2228 2733 2243 2756 ,

1226 2795 1330 2842 cap.
1367 2793 1443 2827 10.

1294 2858 1362 2920 (l)
1405 2873 1421 2903 1
1451 2856 1664 2917 Corinth.
1686 2871 1751 2905 vn
1773 2894 1785 2915 ,
1819 2854 1921 2904 2-6.
1942 2856 2008 2904 Ex
2024 2857 2095 2904 his
2111 2875 2243 2922 porro

1226 2940 1450 2988 refellitur
1512 2939 1688 3006 abjecta
1747 2939 2153 2988 Rationalistarum
2202 2950 2245 2987 et

1228 3021 1609 3070 Naturalistarum
1635 3022 1862 3070 sentiendi
1875 3024 1990 3070 ratio
2014 3024 2134 3069 circa
2147 3020 2248 3069 Ma-

1218 3106 1433 3152 trimonii
1461 3107 1718 3153 notionem.
1742 3104 1826 3151 His
1854 3103 1980 3152 enim
2000 3103 2241 3150 Matrimo-

1233 3189 1364 3233 nium
1407 3186 1525 3233 nihil
1571 3185 1695 3234 aliud
1729 3198 1794 3235 est
1825 3187 1911 3232 nisi
1940 3185 2136 3230 societas
2170 3184 2244 3230 di-

1233 3268 1359 3316 versi
1382 3278 1523 3314 sexus
1548 3282 1864 3332 personarum
1893 3264 1956 3312 ad
1978 3263 2245 3311 naturalem

1227 3358 1271 3397 et
1286 3349 1616 3397 rationabilem
1642 3347 1829 3395 stz'muli
1854 3345 2062 3394 seoeualis
2087 3345 2243 3411 exple·-

1223 3433 1396 3485 tionem
1442 3430 1589 3478 inita.
1639 3430 1761 3477 cst».-
1795 3428 1911 3493 Aug.
1964 3428 2021 3476 dc
2068 3427 2244 3476 Rosko-

1223 3530 1380 3579 wany,
1411 3511 1481 3560 De
1494 3510 1806 3560 Matrimonia
1827 3511 1877 3557 in
1911 3509 2132 3558 Ecclesia
2161 3525 2244 3556 oa-

1226 3595 1432 3656 tholica',
1477 3604 1593 3643 tom.
1641 3610 1656 3641 ι
1675 3631 1687 3654 ,
1719 3591 1745 3658 §
1770 3590 1858 3655 16,
1902 3608 1960 3658 17
1978 3627 1995 3655 ,
2031 3591 2249 3655 Augustae

1225 3676 1412 3725 Vindel.
1448 3673 1591 3741 1837.
