2612 4146
394 168 472 228 96

1118 192 1440 230 TRAGTATUS
1483 195 1551 231 DE
1595 194 1816 232 ORDINE.

394 335 464 394 In'
487 335 846 395 necessitatis
865 354 999 391 casu
1021 377 1037 406 .‚
1062 354 1256 400 eone.,·
1281 355 1354 393 ex
1377 333 1566 393 officio
1589 380 1606 410 ‚
1627 358 1758 417 neq.
1789 337 1861 396 Et
1882 337 1962 395 sic
1987 335 2061 396 de
2080 337 2287 397 ceteris
2315 339 2528 400 muniis

392 429 847 492 sacerdotalibus
889 428 1119 488 dicatur
1140 474 1156 502 a
1191 440 1482 511 quatenus
1509 451 1576 489 ea
1610 430 1744 490 laici
1779 431 1940 492 obire
1967 443 2230 515 possunt.

475 527 575 586 50.
623 527 831 606 Iyitur
861 528 919 584 si
951 526 1131 585 habes
1144 531 1262 604 jus
1304 527 1640 586 Sacerdotis
1671 531 1743 586 in
1772 532 2091 609 temetipso,
2126 531 2286 589 Disc.
2327 532 2395 589 In
2417 553 2530 613 po-

392 624 581 684 tentia
624 642 845 703 nempe
881 620 957 681 ad
998 621 1487 696 Ordinationem‚
1537 644 1700 682 conc.
1722 648 1749 696 ,-
1796 623 1859 682 in
1906 636 2037 683 actu
2085 624 2214 706 (l),
2264 647 2395 705 neq.
2426 626 2529 688 'vel

391 721 515 778 disc
547 740 561 776 ε
596 722 690 797 jus
728 717 1045 777 Sacerdotii
1087 719 1414 801 improprie
1453 718 1627 795 dicti,
1662 740 1822 778 cone.
1845 742 1869 786 ,·
1903 722 2138 802 proprie
2177 720 2314 780 dicti
2336 767 2351 792 .
2396 744 2526 802 neq.

392 817 465 875 Et
500 814 623 874 haec
667 813 741 874 de
784 814 1000 895 insigni
1041 814 1153 877 hoc
1181 814 1545 874 ‘Tertulliani
1586 814 1713 874 loco
1750 814 1911 874 'dicta
1965 816 2274 876 sufficiant.
2325 820 2528 901 Neque

389 933 530 971 vero
566 910 1139 992 praetermittendum
1177 922 1302 985 est7
1347 921 1537 970 totam
1580 910 1926 971 Tertulliani
1961 915 2528 992 argumentationem

385 1009 558 1087 juxta
579 1007 888 1068 consilium
904 1052 919 1082 ,
942 1007 1103 1090 quod
1127 1008 1251 1090 ipse
1269 1007 1627 1067 Montanista
1650 1007 1833 1066 factus
1855 1005 1965 1066 sibi
1986 1008 2096 1089 ipsi
2116 1022 2525 1091 proposuerat,

390 1103 731 1165 deterrendi
774 1103 1134 1164 Christianos
1175 1125 1208 1162 a
1244 1102 1516 1162 secundis
1551 1103 1772 1185 nuptiis
1794 1149 1810 1179 7
1855 1124 1979 1164 esse
2019 1102 2197 1185 plane
2234 1104 2526 1187 sophisti-

391 1222 519 1261 cam
557 1201 669 1281 (2).

475 1297 574 1356 51.
629 1295 718 1356 Ad
750 1296 871 1372 41¹²,
900 1294 1056 1376 Ney.
1089 1296 1243 1354 Nam
1282 1293 1448 1354 nulla
1485 1294 1773 1374 ejusmodi
1814 1295 2085 1379 exempla
2112 1296 2363 1379 proferri
2390 1319 2529 1380 pos-

389 1404 551 1452 sunt.
593 1391 992 1453 Theodoretus
1032 1413 1172 1453 vero
1204 1390 1469 1474 loquitur
1510 1391 1584 1451 de
1617 1392 2041 1469 conventibus,
2070 1393 2134 1451 in
2166 1391 2378 1474 quibus
2412 1395 2530 1453 Ro-

387 1510 705 1550 manorum
731 1510 897 1549 more
928 1509 1130 1571 preces
1156 1491 1288 1548 'Deo
1319 1486 1650 1548 fundebant
1689 1500 1891 1568 gentes
1920 1489 2033 1549 illae
2070 1510 2273 1549 recens
2313 1490 2530 1549 Christi

392 1586 576 1646 fidem
625 1585 912 1667 amplexae
951 1596 1011 1644 et
1048 1594 1401 1644 mercatores
1437 1583 1575 1643 illuc
1615 1583 1867 1666 appulsi.
1908 1587 2028 1644 Nec
2071 1584 2268 1645 obstat
2304 1607 2420 1646 vox
2449 1588 2530 1645 li-

389 1686 642 1764 turyioe,·
664 1704 801 1742 cum
816 1691 1042 1740 constet
1057 1726 1074 1758 ‚
1093 1701 1299 1741 vocem
1316 1679 1470 1738 hanc
1488 1679 1790 1739 interdum
1806 1681 2000 1739 minus
2019 1703 2215 1763 presse
2230 1681 2525 1763 usurpari,

387 1778 636 1863 perinde
666 1800 732 1837 ac
763 1798 1166 1861 saepenumero
1192 1786 1512 1858 usurpatur
1536 1797 1650 1836 vox
1675 1780 1949 1856 synaxis.
1977 1777 2141 1836 Mens
2173 1775 2527 1837 Theodoreti

387 1876 597 1935 melius
638 1874 927 1955 colligitur
955 1896 1025 1934 ex
1052 1872 1286 1932 Ruffino
1312 1917 1328 1946 ,
1366 1873 1532 1932 Hz'st.
1565 1874 1733 1931 Eeel.
1773 1871 1876 1935 lib.
1921 1875 1976 1948 Ι,
2023 1894 2149 1956 cap.
2194 1873 2260 1947 9,
2297 1894 2370 1933 ex
2409 1896 2526 1957 quo

389 1973 542 2033 hanc
567 1973 873 2032 historiam
898 1960 1301 2031 Theodoretus
1327 1980 1388 2029 et
1413 1970 1676 2030 Socrates
1704 1971 1958 2030 mutuati
1980 1980 2119 2030 sunt
2146 1970 2255 2050 (3).

392 2170 604 2217 saeviente
617 2168 937 2232 persecutione
955 2165 1307 2225 detinebantur,
1326 2163 1424 2212 Eu-

392 2250 661 2299 charistiam
688 2246 786 2313 jam
808 2257 1125 2296 consecratam
1141 2283 1155 2306 ‚
1180 2263 1324 2313 quam
1352 2263 1424 2295 se-

391 2351 502 2383 cum
548 2331 811 2380 detulerant
835 2365 852 2390 ,
904 2330 1096 2379 absente
1142 2328 1386 2378 Sacerdote
1403 2364 1421 2390 ,

391 2415 492 2466 Deo
525 2416 745 2464 offerrent
768 2416 904 2463 certis
934 2413 993 2462 ad
1029 2413 1079 2461 id
1102 2412 1318 2479 precibus
1338 2411 1425 2461 ad-

333 2513 337 2518 “
391 2499 552 2550 hibitis
570 2535 587 2561 ‚
618 2516 734 2565 quas
761 2500 812 2545 in
839 2495 1094 2563 synaxibus
1119 2496 1282 2544 audire
1312 2512 1427 2543 con-

393 2593 668 2645 sueverant,
713 2599 768 2631 ac
814 2585 935 2631 inter
977 2599 1025 2630 se
1075 2579 1428 2629 distribuerent.

394 2668 495 2717 Cfr.
540 2666 699 2715 Petav.
760 2662 833 2713 De
860 2664 1120 2713 ecclesiast.
1157 2662 1433 2712 hierarchia

393 2751 484 2800 lib.
515 2763 602 2809 ιιι,
640 2765 747 2814 cap.
783 2749 830 2796 3.

462 2833 534 2896 (l)
573 2831 663 2880 Hic
694 2848 854 2880 sensus
901 2840 1058 2895 aperte
1100 2830 1336 2896 colligitur
1371 2849 1426 2880 ex

395 2918 495 2981 ipsa
533 2916 755 2963 orationis
779 2915 921 2973 serie3
953 2911 1115 2960 subdit
1153 2915 1278 2960 enim
1307 2913 1425 2961 ibid.

400 2998 586 3047 Omnes
614 3013 700 3045 nos
742 2994 885 3043 Deus
915 2996 987 3043 ita
1022 2993 1126 3043 vult
1164 2993 1422 3060 dispositos

396 3098 512 3141 esse,
523 3089 580 3129 ut
590 3079 767 3144 ubique
782 3078 1113 3127 Sao-ramentis
1128 3078 1232 3143 ejus
1248 3076 1426 3125 obeun-

401 3164 477 3212 dis
505 3164 611 3230 apti
638 3163 855 3210 simus...
905 3158 1068 3224 Usque
1096 3159 1213 3208 adeo
1243 3161 1352 3207 nisi
1381 3167 1426 3207 et

398 3246 518 3295 laici
543 3261 600 3293 ea
619 3244 866 3293 observent
890 3280 902 3302 ‚
923 3258 1011 3307 per
1023 3259 1129 3306 quoe
1144 3239 1422 3307 Presbyteri

399 3328 725 3392 adlequntur,
765 3324 994 3392 quomodo
1027 3333 1169 3372 erunt
1206 3324 1421 3389 Presby-

399 3412 522 3458 teri.
548 3412 636 3474 qui
662 3410 719 3458 de
754 3409 899 3458 laicis
930 3405 1257 3472 adlequntur?
1287 3405 1420 3472 Erqo

392 3508 620 3559 pugnare
638 3493 862 3541 debemus
879 3499 989 3540 ante
1014 3489 1196 3537 laicum
1208 3490 1422 3554 justum,

402 3593 434 3624 a
466 3572 673 3623 secundo
690 3575 1004 3623 matrimonio
1023 3572 1260 3620 abstinere
1280 3609 1292 3631 ,
1309 3570 1426 3619 dum

404 3655 657 3723 Presbyter
686 3673 783 3704 esse
818 3673 918 3705 mm
947 3655 1075 3704 alius
1105 3662 1257 3721 potest
1278 3670 1425 3719 quam

402 3739 586 3800 laicus,
619 3742 706 3807 qui
731 3738 873 3790 semel
895 3739 1050 3804 suerit
1074 3739 1298 3788 maritus.

1574 2164 1643 2229 (2)
1684 2163 1778 2213 Cfr.
1798 2165 1857 2214 de
1871 2165 1961 2214 hoc
1976 2163 2247 2213 Tertulliani
2261 2165 2524 2212 testimonio

1505 2257 1669 2311 praeter
1703 2245 2071 2296 Petaviumloc.
2105 2249 2184 2295 cit.
2223 2245 2525 2304 Harduinus‚

1506 2325 1579 2376 De
1596 2337 1770 2394 potest.
1807 2327 2154 2392 consecrandi,
2198 2346 2302 2394 cap.
2339 2342 2368 2374 2
2387 2366 2400 2389 ,
2445 2330 2527 2392 qui

1506 2420 1662 2460 tamen
1708 2422 1864 2461 censet
1896 2421 2053 2460 contra
2090 2428 2391 2460 communem
2420 2426 2530 2458 sen¹

1508 2497 1711 2543 tentiam
1723 2531 1739 2552 ,
1757 2495 1932 2543 lib'rum
1953 2495 2083 2543 hunc
2102 2513 2127 2543 a
2145 2493 2430 2542 Tertulliano
2449 2493 2530 2542 ad-

1508 2578 1604 2627 huc
1616 2580 1800 2644 juniore
1816 2614 1830 2637 ‚
1852 2577 2051 2644 ideoque
2071 2577 2297 2625 catholico
2316 2585 2362 2625 et
2376 2576 2492 2624 laico
2505 2610 2522 2635 ‚

1511 2660 1650 2709 fuisse
1676 2662 1990 2725 conscriptum
2014 2695 2028 2722 ,
2071 2658 2314 2725 Operibus
2343 2657 2528 2706 selectis

1509 2743 1767 2792 Amstelod.
1817 2758 1961 2809 1709.
2020 2741 2121 2790 Cfr.
2173 2743 2318 2790 etiam
2364 2739 2526 2803 Georg.

1507 2825 1677 2874 Matth.
1701 2824 1959 2889 Leopoldus
1982 2823 2231 2871 Durckeim
2255 2823 2306 2869 in
2322 2818 2525 2869 Dissert;

1508 2907 1635 2955 Jenae
1661 2906 1783 2954 edita
1829 2903 1955 2970 1747
1977 2941 1991 2963 ‚
2026 2902 2099 2952 De
2136 2919 2276 2952 sacra
2322 2903 2469 2951 Coena
2495 2919 2527 2951 a

1506 2987 1645 3037 laicis
1675 2986 2069 3036 administranda
2093 3023 2107 3045 ‚
2137 2989 2187 3034 in
2219 3004 2310 3052 qua
2352 3004 2456 3051 pag.
2492 2983 2525 3033 8

1504 3081 1549 3120 et
1577 3088 1707 3136 seqq.
1741 3072 1929 3135 exponit
1967 3088 2064 3118 non
2092 3070 2243 3118 levem
2265 3071 2525 3118 contentio-

1504 3174 1645 3217 nem,
1678 3173 1779 3220 quae
1807 3155 1864 3203 de
1903 3154 1993 3202 hoc
2026 3155 2288 3202 testimonio
2325 3163 2423 3200 orta
2460 3162 2528 3200 est

1503 3241 1624 3288 inter
1653 3237 1905 3302 Rigaltium
1935 3247 1979 3285 et
2013 3235 2380 3301 Albaspinaeum.
2423 3233 2523 3284 Cfr.

1501 3331 1715 3387 praeterea
1734 3319 1932 3367 Zornius
1951 3356 1964 3379 ‚
1998 3318 2185 3384 Opusc.
2205 3335 2331 3367 sacr.
2353 3328 2470 3366 tom.
2485 3333 2520 3377 1,

1504 3419 1610 3470 pag.
1644 3399 1768 3469 234.

1580 3484 1646 3549 (3)
1673 3483 1772 3533 Cfr.
1791 3483 1947 3533 Petav.
1969 3481 2185 3532 Diatrib.
2215 3485 2296 3532 cit.
2321 3498 2427 3546 cap.
2458 3480 2519 3541 3,

1510 3567 1595 3617 uhi
1625 3570 1761 3617 etiam
1796 3571 1982 3633 exponit
2013 3585 2212 3617 canones
2235 3565 2476 3614 Nicaenum
2506 3601 2519 3623 ‚
2606 3581 2611 3590 ·

1508 3652 1826 3701 Laodicenum
1852 3661 1897 3699 et
1917 3651 2214 3718 Ancyranum
2235 3686 2249 3710 ‚
2280 3649 2360 3714 qui
2383 3647 2523 3713 objici

1510 3734 1677 3785 solent.
