2508 4120
10 3854 16 3917 ι

13 3926 23 4120 ἓ,

438 194 561 231 cn.
607 192 693 231 111.
740 191 809 228 ns
852 180 1241 228 mrnnmnu‘rls
1286 186 1654 242 mArnmon11‚
1700 187 1820 226 mc.

2076 162 2193 226 289

77 351 138 400 et
174 336 282 397 Th.
326 337 557 396 Nestius
589 335 677 415 (1)
701 379 717 409 ,
754 334 817 392 in
852 333 1140 412 Brisgovia
1170 334 1293 392 JOS.
1348 334 1487 394 Ant.
1530 330 1740 393 Petzek
1780 331 1890 412 (2).
1935 328 2195 413 Adopta-

77 433 166 492 vit
203 442 402 490 autem
443 452 508 489 ac
556 451 657 488 sua
703 428 839 488 fecit
877 428 1084 487 eadem
1125 427 1412 509 principia
1452 425 1969 509 pseudo-synodus
2014 427 2198 486 Pisto·

75 528 281 588 riensis
312 526 423 605 (3).

163 623 274 681 161
290 670 302 682 .
349 618 650 700 Legislatio
677 615 1120 675 matrimonialis
1143 615 1440 675 Gallicana
1462 662 1478 689 ‚
1513 639 1643 699 quae
1677 617 1815 677 inde
1840 629 1975 700 post
1998 616 2191 677 rebel-

76 718 160 776 les
198 716 395 777 civiles
438 726 630 773 motus
672 712 983 771 constituta
1023 721 1112 770 est
1152 732 1308 770 anno
1355 713 1549 787 1792,
1600 734 1723 771 non
1768 712 1944 771 modo
1994 734 2200 772 omnes

79 798 534 870 matrimoniales
558 829 753 867 causas
790 806 866 864 ad
899 804 1129 866 civilem
1168 806 1574 885 magistratum
1619 807 1948 880 revocavit,
1994 829 2204 869 verum

79 906 252 966 etiam
294 925 545 969 omnem*
563 901 931 961 sanctitatem
963 921 1029 959 ac
1066 901 1409 959 firmitatem
1445 900 1688 960 abstulit
1714 923 1746 960 a
1779 903 2056 982 conjugiis
2083 903 2200 984 (4).

77 1000 358 1073 Quamvis
395 1019 569 1080 porro
601 995 903 1078 Napoleon
932 995 997 1054 in
1022 1015 1179 1055 novo
1219 995 1429 1056 Codice
1467 1018 1569 1055 suo
1604 995 1987 1076 irreligiosam
2035 997 2206 1058 illam.

79 1095 504 1174 legislationem
529 1091 860 1174 reipublicae
892 1091 1308 1173 temperaverit
1338 1136 1355 1166 ‚
1401 1087 1663 1151 'attamen
1699 1101 1759 1151 et
1792 1093 1917 1174 ipse
1960 1114 2208 1154 omnem

80 1189 343 1248 Ecclesiae
369 1188 773 1247 auctoritatem
801 1188 863 1244 in
900 1186 1081 1245 causis
1116 1185 1647 1245 matrimonialibus
1695 1185 1968 1264 abstulit,
2000 1199 2058 1247 et
2086 1210 2210 1248 ma-

78 1285 353 1365 gistratus
375 1282 567 1344 civiles
591 1282 859 1361 conjugio
885 1281 1159 1362 praefecit.
1177 1283 1212 1340 J
1218 1293 1355 1340 uxta
1369 1281 1536 1340 hunc
1569 1280 1842 1341 Codicem
1868 1304 2020 1341 unus
2045 1294 2208 1343 actus

85 1378 162 1436 ad
202 1372 526 1438 ineundum*
566 1376 891 1457 legitimum
932 1376 1367 1435 Matrimonium
1406 1376 1847 1458 requirebatur,
1888 1398 2207 1438 consensus

85 1495 301 1556 nempe
338 1472 648 1532 declaratio
680 1493 875 1531 coram
911 1471 1066 1531 civili
1089 1472 1468 1550 magistratu3
1509 1493 1616 1531 nec
1644 1494 1791 1554 opus
1827 1485 1953 1532 erat
1979 1519 1995 1548 .,
2023 1475 2208 1534 immo

83 1588 194 1627 nec
229 1566 441 1627 licebat
477 1566 802 1626 doctrinam
838 1564 1182 1626 catholicam
1217 1566 1293 1625 de
1328 1568 1703 1626 Sacramento
1738 1568 2101 1628 Matrimonii
2142 1579 2205 1629 et

150 1788 214 1851 (1)
251 1787 309 1836 In
345 1805 423 1851 op.
468 1785 540 1837 De
577 1786 918 1836 dirimentibus
945 1788 1099 1853 impe-

83 1869 308 1918 dimentis
348 1871 468 1918 liber
506 1870 806 1934 sinqularis,
856 1870 1099 1920 Florentiae

91 1948 238 2016 1785.
268 1950 356 1999 Hic
377 1968 513 2016 porro
545 1952 793 2000 advocatus
815 1951 1101 2000 pistoriensis

86 2030 287 2096 ingenue
339 2033 615 2097 profitetur,
656 2050 703 2081 se
745 2033 920 2081 librum
964 2051 1100 2081 suum

82 2111 225 2161 Paulo
257 2110 418 2178 Sarpio
466 2113 585 2162 duce
611 2131 665 2162 ac
690 2117 906 2178 magistro
945 2115 1103 2163 confe-

82 2195 225 2256 cissc3
257 2194 454 2259 ideoque
484 2194 672 2242 honoris
712 2199 922 2261 gratique
955 2195 1102 2244 animi

83 2291 218 2323 causa
248 2276 440 2323 oeternis
472 2275 683 2341 ejusdem
707 2276 932 2324 manibus
966 2295 1102 2326 eum-

83 2357 190 2405 dem
222 2357 428 2404 dicatum
456 2358 618 2405 voluit.
659 2357 828 2407 Praeter
855 2357 960 2408 haec
989 2377 1104 2425 ope·

86 2455 136 2486 ra
182 2439 453 2502 prodierunt
495 2443 546 2488 in
582 2441 716 2491 ltalia
761 2444 927 2491 eodem
959 2445 1103 2494 ferme

87 2529 294 2583 tempore
339 2520 492 2584 plures
536 2521 683 2569 libelli
732 2523 791 2570 ab
837 2525 1102 2573 auctoribus

92 2602 338 2665 anonymis
397 2603 642 2665 conscripti
675 2638 688 2661 ‚
754 2619 834 2651 cx.
890 2621 959 2667 gr.
1016 2603 1107 2653 Del

88 2681 251 2728 diritto
306 2681 357 2727 di
411 2680 623 2730 stabilire
680 2683 1014 2749 impedimenti
1055 2684 1108 2733 al

88 2763 413 2811 Matrimonia
434 2798 450 2822 ,
485 2762 713 2812 Cremona
742 2762 867 2830 1784
889 2782 902 2828 ;
925 2764 1103 2814 Diritto

88 2842 232 2890 libero
270 2842 348 2891 det
387 2844 602 2892 Sovrano
643 2844 721 2892 sul
764 2843 1101 2897 Matrimonio.

91 2923 268 2988 Reqole
288 2925 343 2972 di
383 2925 674 2974 obhedienza
705 2926 785 2976 sul
802 2928 1007 2992 conflitto
1018 2929 1102 2993 fra

91 3004 138 3053 la
154 3007 336 3071 potesta
368 3008 572 3057 secolare
587 3046 600 3070 ‚
625 3027 650 3057 e
682 3009 927 3059 l'autoritc's
950 3012 1102 3062 ecele-

95 3087 326 3146 siastica,
374 3088 539 3154 Napoli
589 3088 715 3157 ¹788
747 3108 762 3154 3
814 3093 996 3141 Parere
1033 3093 1104 3143 de'

105 3166 302 3230 Teoloqi
334 3168 388 3215 di
409 3179 532 3219 corte
573 3171 629 3219 di
669 3169 725 3222 S.
754 3173 829 3220 M.
861 3170 1107 3224 Siciliam

95 3249 152 3295 in
178 3249 380 3313 risposta
401 3250 466 3297 ad
496 3269 597 3300 una
619 3254 848 3301 memoria
880 3253 1002 3302 della
1017 3271 1105 3303 eu-

91 3332 174 3379 ria
203 3333 432 3380 Romana
469 3344 774 3384 concernente
803 3338 826 3384 i
839 3336 1000 3385 diritti
1033 3338 1112 3387 del

92 3408 310 3463 Sovrano
343 3411 423 3461 sul
465 3412 779 3466 Matrimonio
824 3417 895 3466 de’
923 3419 1111 3468 sudditi

92 3494 303 3543 eattolici
320 3533 333 3554 ‚
351 3495 516 3562 Napoli
540 3497 670 3566 1789
690 3537 704 3561 ,
720 3511 807 3550 etc.
822 3501 960 3551 Recte
981 3520 1108 3552 com-

95 3579 320 3641 paraveris
349 3588 526 3627 aetatem
555 3580 681 3629 illam
712 3582 851 3648 plagae
867 3599 1100 3634 ranarum.

165 3658 230 3722 (2)
268 3658 323 3706 In
351 3677 429 3725 op.
461 3658 541 3709 De
550 3670 776 3727 potestate
800 3663 851 3713 E
851 3663 1032 3714 colesioe
1047 3668 1104 3714 in

260 3752 324 3812 T.
372 3754 494 3816 vll.

1181 1785 1450 1836 statuendis
1476 1786 1799 1836 Matrimonii
1814 1786 2173 1854 impedimentis
2188 1825 2205 1851 ,

1183 1884 1332 1917 3111101
1346 1870 1459 1936 783,
1474 1868 1671 1917 affirmat
1687 1887 1820 1934 porro
1839 1869 2096 1939 Petzekius,
2108 1866 2211 1920 Ec-

1183 1949 1430 2015 clesiaejus
1444 1949 1596 1998 solum
1614 1950 1805 2015 requlas
1828 1952 2060 2015 quasdam
2075 1954 2209 2002 eirca

1184 2031 1655 2080 administrationem
1686 2029 2000 2080 Sacramenti
2023 2034 2208 2083 Matri-

1185 2115 1344 2160 monii
1371 2115 1607 2177 roqandi,
1644 2130 1728 2162 seu
1775 2115 1846 2161 sic
1877 2114 2010 2163 dicta
2047 2118 2202 2182 impe·

1184 2194 1396 2242 dimenta
1410 2194 1726 2260 impedientia
1739 2197 2068 2245 constituendi
2080 2215 2207 2247 com·

1176 2286 1373 2342 petere3
1401 2275 1741 2342 impedimenta
1775 2293 1885 2325 vero
1923 2278 2209 2331 dirimentia

1185 2365 1375 2405 tantum
1405 2374 1436 2405 a
1468 2356 1609 2405 civili
1639 2359 1842 2423 imperio
1875 2362 2000 2423 poni
2032 2378 2206 2427 posse,

1184 2446 1360 2508 quippe
1374 2445 1460 2491 oui
1480 2446 1623 2492 unice
1646 2446 1765 2491 insit
1790 2446 2051 2492 auctoritas
2068 2461 2208 2509 quos-

1187 2523 1300 2572 libet
1341 2531 1612 2572 contractus
1653 2533 1740 2572 aut
1778 2525 2084 2591 approbandi
2121 2532 2210 2574 aut

1185 2604 1438 2652 irritandi.
1469 2604 1662 2653 Peizekii
1698 2606 1956 2654 doctrinam
1996 2610 2117 2656 inter
2135 2624 2208 2657 ce-

1187 2695 1306 2734 teros
1337 2697 1517 2735 secutus
1558 2698 1625 2736 est
1667 2687 1834 2753 Georg.
1873 2686 2199 2755 Rechberger‚

1186 2768 1482 2817 cancellarius
1493 2770 1760 2835 episcopalis
1774 2771 2041 2832 Linticnsis‚
2062 2775 2110 2820 in
2124 2789 2205 2837 op.

1186 2847 1424 2898 Manuale
1468 2849 1545 2900 del
1580 2853 1692 2916 qius
1734 2851 2048 2902 ecclesiastico
2087 2871 2206 2902 aus-

1185 2931 1336 2982 triaco
1356 2970 1369 2992 ‚
1388 2934 1511 2981 trad.
1532 2934 1607 2982 dal
1623 2935 1804 2983 tedesco
1825 2973 1838 2995 ‚
1862 2935 2031 2985 Venez.
2055 2935 2204 2997 1818,

1188 3017 1321 3080 cujus
1344 3018 1542 3064 auctoris
1577 3018 1801 3082 principia
1828 3035 1912 3066 suo
1941 3019 2042 3067 loco
2064 3035 2205 3067 excu-

1188 3098 1371 3144 tiernus.

1254 3177 1324 3240 (3)
1360 3176 1471 3227 Haec
1499 3179 1703 3244 synodus
1745 3196 1867 3227 anno
1917 3176 2046 3243 1786
2082 3179 2205 3230 celc-

1189 3258 1322 3307 brata
1354 3270 1444 3308 est.

1261 3341 1324 3404 (It)
1361 3341 1460 3390 cfr.
1498 3340 1713 3390 Staudlin
1739 3377 1754 3401 ‚
1796 3339 2078 3390 Geselniehte
2116 3342 2204 3392 der

1196 3417 1559 3490 Vorstellunqen
1600 3423 1706 3471 und
1738 3421 1926 3471 Lehren
1943 3461 1958 3482 ,
1991 3441 2086 3473 von
2120 3425 2206 3475 der

1188 3503 1296 3554 Ehe
1313 3543 1326 3565 ‚
1364 3523 1446 3554 seu
1490 3504 1714 3578 Historia
1757 3507 2112 3571 expositionum
2157 3515 2204 3557 st

1185 3586 1516 3636 doctrinarum
1569 3586 1628 3634 de
1687 3588 1995 3637 matrimonio
2033 3624 2047 3648 ,
2087 3587 2200 3638 Got-

1184 3671 1299 3735 ting.
1336 3666 1481 3718 1826.

1886 3760 1962 3820 19
