2508 4120
345 110 464 172 346

973 129 1299 168 Thac-'rarus
1341 129 1412 168 nss
1453 129 1823 170 Marnmoum.

342 272 617 335 bantibus
663 270 998 354 Principum
1033 270 1233 351 legatis
1271 282 1331 331 et
1365 270 1720 345 oratoribuS,
1759 271 1862 352 qui
1905 282 2058 332 certe
2097 295 2217 334 non
2262 276 2446 337 siluis-

340 379 494 441 sent,
517 365 566 425 si
586 364 794 425 saltem
809 366 871 425 in
889 364 1135 426 dubium
1153 378 1486 428 revocatum
1504 379 1651 427 esset
1660 371 1755 446 jus
1771 364 2134 447 Principibus
2149 368 2439 447 innatum,

336 455 642 544 proprium
678 483 744 520 ac
770 461 885 521 tale
905 507 920 535 ,
947 464 1074 538 cui,
1103 463 1328 522 etiamsi
1351 462 1698 537 voluissent,
1739 462 1942 523 cedere
1971 483 2093 521 non
2120 465 2443 545 potuissent

329 563 499 637 juxta
534 557 686 640 ipsos
716 556 1100 619 adversarios·
1204 627 1208 632 ¹
1993 636 1998 640 ι

416 653 557 713 250.
604 652 692 713 Ad
721 653 838 728 3¹1¹7
874 655 1029 715 Disc.
1068 652 1268 714 Plures
1301 652 1579 733 Theologi
1609 654 1790 714 exteri
1827 653 2093 714 eamdem
2120 653 2447 714 doctrinam

337 760 579 810 tuentur
605 771 738 809 cum
763 748 875 808 illis
906 760 1104 810 tamen
1138 748 1616 810 coarctationibus
1637 796 1652 826 7
1681 772 1820 832 quas
1852 750 2166 812 adversarii
2195 772 2315 809 non
2339 749 2445 809 ad-

336 845 582 905 mittunt
601 891 617 919 ,
666 857 727 906 et
783 845 1019 929 quidem
1069 846 1363 905 immerito
1382 891 1399 922 ‚
1457 867 1659 915 conc.,·
1705 850 1835 924 jure
1889 847 2098 906 merito
2131 856 2192 906 et
2228 844 2447 927 absque

334 939 813 1002 coarctationibus
835 987 852 1017 ,
882 964 1009 1024 neq.
1046 943 1261 1025 Utique
1290 941 1593 1002 fatendum
1617 953 1741 1014 est,
1777 941 2092 1002 nonnullos
2129 939 2446 1020 Theologos

332 1048 561 1097 exteros
601 1039 855 1099 tenuisse
898 1038 1253 1099 sententiam
1292 1037 1365 1098 de
1394 1042 1526 1117 jure
1572 1037 1906 1120 Principum
1940 1037 2174 1120 proprio
2219 1037 2281 1096 in
2323 1045 2444 1096 sta-

333 1133 566 1193 tuendis
596 1134 1029 1217 impedimentis
1066 1133 1510 1208 dirimentibus3
1555 1155 1762 1196 verum
1800 1133 1893 1193 hic
1919 1155 2040 1193 non
2079 1155 2260 1216 pauca
2302 1144 2443 1193 sunt

329 1228 853 1291 animadvertenda
881 1253 893 1289 :
926 1251 991 1290 ac
1022 1231 1084 1289 10
1113 1251 1316 1291 eorum
1352 1229 1659 1312 plerosque
1685 1250 1751 1289 ea
1773 1229 2062 1311 scripsisse
2094 1240 2260 1290 aetate
2273 1272 2297 1302 ,
2331 1250 2445 1311 qua

331 1322 439 1383 hac
464 1322 527 1382 in
553 1336 721 1407 parte
746 1325 921 1408 plena
947 1324 1178 1408 vigebat
1199 1326 1356 1385 inter
1382 1325 1676 1386 civitatem
1692 1334 1751 1385 et
1775 1324 2084 1385 Ecclesiam
2105 1324 2440 1399 concordia3

331 1441 438 1479 nec
454 1417 876 1503 praeviderunt,
891 1444 1022 1505 quae
1045 1419 1237 1482 seculo
1259 1421 1539 1504 superiori
1557 1442 1627 1480 ex
1648 1420 1939 1480 occasione
1955 1421 2124 1499 hujus
2147 1421 2448 1481 sententiae

330 1515 566 1576 dissidia
603 1529 804 1577 exorta
836 1530 1003 1590 sunt3
1037 1519 1106 1576 2⁰
1141 1519 1296 1600 ipsos
1328 1538 1457 1576 earn
1489 1515 1812 1575 doctrinam
1839 1517 1905 1575 iis
1936 1516 2442 1597 circumscripsisse

330 1610 610 1671 limitibus
630 1659 645 1687 7
671 1635 743 1673 ex
773 1612 981 1695 quibus
1012 1612 1161 1672 nihil
1190 1623 1338 1672 esset
1368 1611 1926 1693 pertimesce-ndum3
1962 1632 2098 1670 nam
2130 1610 2300 1670 simul
2330 1611 2441 1670 do-

332 1719 617 1782 cuerunt,
665 1730 787 1766 non
826 1729 995 1790 posse
1040 1709 1335 1791 Principes
1381 1707 1491 1766 nisi
1533 1728 1666 1766 cum
1704 1705 2056 1785 subJectione
2104 1717 2313 1787 atque,
2372 1716 2442 1766 ut

332 1801 497 1860 aiunt
514 1845 531 1877 ‚
563 1821 698 1861 cum
727 1801 1117 1884 dependentia
1146 1803 1219 1862 ab
1246 1802 1489 1863 Ecclesia
1513 1824 1642 1861 eam
1663 1811 2011 1884 potestatem
2036 1821 2301 1861 exercere
2315 1802 2439 1882 (l);

329 1895 396 1955 3⁰
429 1897 745 1957 nonnullos
787 1909 1063 1978 praeterea
1090 1899 1371 1958 inficiatos
1411 1918 1534 1957 esse
1562 1902 1659 1975 jus
1690 1896 1848 1956 istud
1895 1917 2051 1967 esse,
2100 1897 2435 1978 Principum
2491 1933 2493 1935 ·

328 1993 632 2074 proprium
663 2004 722 2053 et
764 1993 1140 2073 originarium
1159 2039 1176 2070 ,
1206 1993 1309 2053 sed
1346 1993 1737 2054 adventitium
1771 1992 2023 2075 ipsisque
2049 1991 2332 2051 traditum
2367 2013 2438 2052 ex

332 2087 595 2148 Ecclesiae
625 2091 990 2169 concessione
1018 2090 1142 2169 (2);
1188 2089 1254 2147 40
1285 2089 1520 2149 eosdem
1546 2088 1687 2147 falso
1717 2088 2001 2169 principio
2031 2087 2204 2145 inniti
2237 2087 2297 2145 in
2330 2086 2437 2146 hac

326 2281 432 2314 can.
460 2282 507 2312 iv
535 2266 585 2312 in
614 2267 768 2313 nativa
808 2283 898 2313 sua·
919 2266 1247 2330 significatione
1271 2282 1346 2313 ac-

325 2348 554 2411 cipiantur
571 2384 587 2409 ‚
620 2364 759 2395 nemo
785 2348 963 2395 inficias
976 2349 1108 2395 iverit
1126 2383 1140 2406 ‚
1169 2346 1227 2394 de
1246 2345 1346 2395 sola

324 2427 549 2478 Ecclesia
568 2446 619 2478 ea
652 2446 747 2479 esse
761 2429 1057 2495 intelligenda
1079 2466 1093 2489 ‚
1117 2431 1186 2477 uti
1204 2431 1345 2476 etiam

323 2525 447 2578 patet
483 2515 720 2561 communi
759 2512 980 2579 loquendi
1022 2529 1127 2560 usu.
1161 2509 1346 2559 Etenim

324 2599 361 2644 si
389 2598 492 2661 quis
529 2595 588 2643 ab
626 2595 782 2661 aliquo
822 2597 1123 2643 sciscitaretur
1152 2631 1164 2653 ‚
1210 2593 1345 2659 cujus

323 2679 380 2728 sit
408 2678 572 2725 domus
617 2688 694 2726 aut
725 2694 833 2743 ager
862 2677 944 2725 ille
963 2714 976 2736 ‚
1010 2694 1062 2725 ac
1093 2677 1342 2741 responde-

322 2769 447 2808 retur
479 2777 493 2807 :
529 2758 621 2809 Est
637 2759 807 2818 Petri,
840 2761 945 2825 quis
977 2759 1067 2807 alio
1098 2776 1235 2806 sensu
1264 2775 1340 2806 ac·

322 2844 487 2907 ciperet
520 2842 643 2890 hanc
672 2844 1012 2907 responsionem
1039 2877 1052 2900 ‚
1086 2842 1175 2888 nisi
1216 2841 1341 2906 quod

322 2925 488 2974 domus
519 2929 598 2973 aut
618 2942 722 2989 ager
749 2925 807 2973 ad
840 2923 991 2972 solum
1026 2922 1209 2971 Petrum
1231 2915 1342 2986 ‘spe-

320 3018 466 3058 ctaret
481 3012 504 3057 ‘I
525 3007 637 3074 Quis
672 3010 976 3073 suspicaretur
992 3044 1005 3066 ‚
1029 3016 1215 3056 eatenus
1242 3004 1336 3054 dici

320 3092 516 3140 domum
557 3091 685 3140 illam
727 3100 806 3139 aut
842 3106 1005 3156 agrum
1043 3107 1135 3138 esse
1178 3088 1338 3147 Petri,

321 3185 548 3240 quatenus
588 3176 725 3223 etiam
759 3175 817 3221 sit
846 3171 976 3221 Pauli
1002 3182 1080 3220 aut
1102 3171 1342 3220 Terentii?

320 3255 499 3320 Quanto
545 3258 698 3305 minus
715 3294 731 3314 ‚
766 3257 804 3303 si
820 3255 909 3303 hoc
937 3253 1162 3302 diceretur
1186 3255 1237 3301 in
1260 3270 1341 3318 pu.

319 3335 443 3384 blico
456 3348 500 3385 et
516 3338 711 3386 solemni
728 3339 1034 3385 instrumento
1049 3338 1073 3381 ἶ)
1088 3334 1309 3383 Attamen
1323 3373 1335 3395 ,

317 3423 455 3487 juxta
483 3420 760 3469 adversarios
780 3456 797 3482 ,
828 3417 1150 3468 Tridentinum
1179 3454 1193 3478 ‚
1224 3417 1335 3466 dum

320 3502 440 3549 hanc
469 3501 662 3550 adstruit
698 3512 962 3566 potestatem
1010 3499 1218 3549 Ecclesiae
1246 3498 1335 3548 sub

322 3583 625 3632 anathematis
645 3601 796 3649 poena,
816 3583 1166 3648 intelligendum
1183 3583 1326 3630 etiam
1411 3595 1571 3655 CRM,
1631 3594 1816 3644 [femini
1848 3608 1882 3641 ,Ι
1926 3631 1938 3652 ‚

1428 2287 1541 2327 esset
1571 2277 1629 2325 de
1647 2286 1861 2341 potestate
1881 2276 2022 2324 civili.
2039 2274 2150 2340 Quis
2173 2291 2293 2323 sanae
2310 2293 2438 2325 men-

1429 2362 1483 2407 tis
1500 2357 1609 2407 talia
1627 2354 1873 2406 admittat?

1497 2441 1565 2503 (1)
1598 2439 1667 2488 Ita
1698 2438 1933 2500 Sanchez,
1981 2439 2072 2487 loc.
2113 2441 2195 2487 cit.
2229 2438 2399 2504 Kugler
2420 2477 2434 2501 ,

1427 2541 1477 2571 n.
1534 2519 1659 2585 1040
1711 2532 1755 2571 et
1796 2519 1913 2584 1041
1959 2539 1974 2586 3
2024 2521 2402 2571 Salmanticenses
2419 2559 2432 2581 ‚

1427 2623 1529 2670 cap.
1555 2622 1602 2652 xx
1630 2642 1643 2664 ,
1665 2623 1715 2653 n.
1739 2602 1797 2653 15
1818 2620 1830 2664 ;
1853 2591 2094 2670 Itturiaga,
2113 2604 2198 2653 loc.
2227 2607 2306 2653 cit.
2333 2604 2436 2652 alii·

1427 2705 1518 2755 que
1540 2690 1726 2752 passim.

1494 2769 1560 2832 (2)
1598 2769 1665 2816 Ita
1691 2768 1828 2816 Basil.
1850 2767 2058 2827 Pontius,
2077 2785 2155 2832 op.
2174 2771 2235 2815 cit
2250 2784 2352 2832 cap.
2368 2785 2429 2828 ¹¹3

1425 2849 1645 2900 Bernard.
1662 2849 1828 2910 Bauer,
1864 2847 2031 2896 Theoi.
2055 2849 2262 2896 univers.
2279 2848 2432 2912 doqm.

1425 2945 1540 2982 tom.
1572 2948 1624 2980 111
1648 2967 1665 2994 ,
1703 2949 1807 2996 pag.
1842 2930 1993 2990 20053
2024 2931 2176 2995 Fejer,
2205 2933 2431 2981 Macrim.

1422 3033 1480 3065 ex
1494 3016 1650 3064 instit.
1673 3013 1886 3073 Christi,
1907 3014 2027 3063 Pest.
2051 3012 2202 3075 1835,
2219 3032 2323 3080 pag.
2342 3013 2428 3079 43.

1424 3099 1674 3164 Tournely,
1698 3098 1788 3146 loc.
1807 3100 1886 3147 cit.
1903 3099 2128 3162 principes
2142 3098 2295 3146 civiles
2308 3116 2427 3147 non-

1422 3186 1509 3232 nisi
1547 3191 1846 3231 concurrente
1875 3180 2075 3229 Ecclesia
2102 3179 2428 3244 impedimenta

1422 3266 1694 3314 Matrimon.
1709 3265 1915 3312 statuisse
1935 3264 2103 3327 probat
2136 3280 2151 3311 z
2196 3270 2241 3308 1⁰
2261 3280 2315 3311 ex
2334 3262 2428 3312 edi-

1422 3351 1506 3397 ctis
1561 3347 1829 3412 Principum
1874 3345 2122 3395 Childerici
2158 3362 2235 3395 an.
2291 3344 2386 3412 577
2409 3381 2423 3406 ,

1422 3428 1705 3480 Cbildeberti
1734 3446 1813 3476 an.
1849 3425 1945 3494 595
1965 3466 1978 3488 ,
2016 3427 2310 3477 Carlomanni
2338 3444 2421 3475 an.

1423 3510 1517 3579 743
1548 3548 1560 3571 ‚
1605 3510 1755 3559 Caroli
1796 3510 1864 3558 Μ.
1917 3514 1966 3558 in
2013 3510 2223 3577 Capitul.
2273 3509 2420 3559 Caroli

1988 3593 2137 3641 Caroli
2177 3611 2221 3641 lx
2261 3630 2274 3652 ‚
2328 3600 2415 3638 etc.
