2528 4120
406 242 529 278 car.
579 243 644 277 11.
694 243 760 278 DE
804 242 1052 280 onumen
1095 243 1328 280 numano
1371 244 1436 279 nr
1483 238 1802 279 mamurii.
2042 222 2156 280 117

50 384 269 444 omissis
308 383 563 443 Concilio
612 384 881 465 Carthag.
928 388 1002 444 IV
1047 398 1107 445 et
1143 386 1420 445 Toletano
1474 385 1525 444 11
1575 384 1665 463 (l)
1691 429 1707 458 ,
1746 384 1985 466 aliisque
2028 408 2152 445 non

47 480 242 561 paucis
278 480 672 539 monumentis
707 481 1120 562 antiquissimis
1152 483 1240 560 (2)
1262 526 1278 555 ,
1316 481 1391 539 ad
1413 480 1840 540 ostendendum
1878 480 2155 541 adversus

48 574 356 634 Calvinum
384 574 659 634 clericalis
680 587 932 635 tonsurae
961 576 1139 634 ritum
1167 576 1347 656 priori
1369 576 1631 635 Ecclesiae
1650 596 1771 635 aevo
1799 574 2117 635 obtinuisse
2138 622 2153 650 ,

46 669 292 751 ideoque
319 691 520 731 vacare
555 669 722 727 illum
752 671 1011 731 vanitate
1037 671 1197 728 omni
1227 680 1403 749 atque
1428 670 1839 750 superstitione
1872 692 1942 730 ex
1977 672 2154 753 ipsius

49 764 273 823 Calvini
308 766 624 846 principiis.
658 766 726 822 20
755 766 1046 824 Adnotare
1077 775 1356 846 praeterea
1380 764 1600 840 juverit
1619 810 1634 838 ,
1667 766 1891 823 variam
1921 788 2028 846 pro
2058 766 2153 824 di-

45 861 226 919 versis
270 860 528 920 Ecclesiis
570 873 628 920 et
666 859 1026 942 temporibus
1068 859 1240 918 fuisse
1277 857 1552 917 clericalis
1599 869 1855 920 tonsurae
1900 861 2152 920 formam

43 966 216 1037 atque
255 957 531 1036 figuram,
570 968 635 1014 ut
671 955 868 1017 videre
911 965 999 1015 est
1033 953 1188 1036 apud
1213 954 1335 1013 citt.
1368 954 1722 1013 Martenium
1750 954 1838 1034 (3)
1876 967 1934 1014 et
1972 958 2151 1016 Mori-

39 1071 181 1108 num
217 1051 324 1131 (4).

125 1147 223 1204 91.
274 1148 373 1205 111.
422 1145 510 1205 Ad
553 1145 843 1204 Ordinum
877 1143 1115 1205 demum
1144 1145 1388 1225 gradum
1424 1144 1582 1226 quod
1623 1153 1879 1226 spectat,
1926 1157 2152 1205 certum

45 1252 168 1315 est,
210 1242 295 1299 uti
325 1247 447 1319 jam
490 1240 789 1298 innuimus
813 1285 830 1315 .,
871 1240 1360 1300 Subdiaconatum
1396 1261 1430 1298 a
1466 1241 1674 1299 Graecis
1709 1251 1769 1298 et
1802 1239 1941 1299 olim
1975 1251 2150 1321 atque

43 1336 394 1403 nuncetiam
421 1336 575 1394 inter
598 1335 853 1394 minores
879 1334 1132 1395 Ordines
1168 1335 1488 1408 recenseri3
1525 1356 1559 1392 a
1586 1334 1801 1393 Latinis
1834 1355 1974 1395 vero
1996 1356 2152 1393 non-

44 1432 155 1490 nisi
187 1430 378 1489 seculo
420 1431 527 1489 XII
559 1431 797 1511 coepisse
825 1431 979 1489 inter
1014 1429 1265 1489 Ordines
1300 1435 1545 1508 majores
1572 1451 1674 1488 seu
1711 1448 1900 1488 sacros
1931 1450 2148 1489 connu-

41 1526 270 1584 merari.
294 1526 534 1605 >insigne
556 1526 728 1604 hujus
754 1525 838 1584 rei
861 1525 1279 1584 documentum
1303 1524 1587 1584 habemus
1609 1545 1681 1583 ex
1707 1523 1940 1606 Synodo
1971 1526 2152 1583 Bene·

41 1631 294 1680 ventana
318 1642 472 1679 anno
499 1622 652 1679 1091
676 1619 960 1680 celebrata
988 1619 1096 1678 sub
1113 1619 1350 1677 Urbano
1375 1620 1457 1691 ΙΙ,
1483 1639 1607 1700 quae
1634 1639 1762 1677 can.
1796 1619 1825 1675 1
1854 1618 2147 1692 decrevit,

39 1726 107 1773 ut
139 1714 334 1774 nullus
356 1715 417 1773 in
447 1716 790 1797 Episcopum
812 1715 1061 1794 eligatur
1081 1760 1096 1789 ,
1122 1715 1233 1773 nisi
1258 1715 1321 1772 in
1352 1715 1523 1773 sacris
1543 1713 1861 1773 Ordinibus
1887 1712 2153 1792 religiose

42 1811 247 1871 vivens
277 1810 450 1869 fuerit
479 1811 788 1870 inventus:
821 1813 1031 1870 Sacros
1054 1821 1252 1869 autem
1281 1811 1539 1869 Ordines
1565 1811 1828 1868 dicimus
1842 1811 2152 1868 Diacona-

43 1915 171 1962 tum
195 1915 249 1963 et
276 1906 794 1984 Presbyteratum;
827 1907 927 1964 bos
952 1907 1246 1984 siquidem
1272 1907 1416 1963 solos
1433 1908 1760 1983 primitiva,
1785 1905 2005 1982 leyicur
2027 1903 2153 1961 Ec-

44 2000 223 2056 clesia
258 1999 534 2058 babuisse
571 2000 682 2081 (5).
715 2003 799 2059 De
824 1999 1005 2079 gradu
1030 2011 1226 2059 autem
1264 2000 1639 2080 Episcopatus
1668 1998 1850 2057 relate
1879 1997 1954 2055 ad
1983 1999 2152 2055 Pres-

46 2092 379 2173 byteratum
400 2095 667 2176 sequenti
681 2096 867 2177 capite
881 2094 956 2154 ob
973 2096 1055 2156 rei
1075 2080 1420 2180 gravitatem
1434 2098 1559 2172 jam
1582 2114 1748 2174 agere
1766 2091 2151 2172 aggredimur.

118 2366 182 2429 (1)
221 2364 364 2414 Cone.
392 2365 607 2433 Carthag.
627 2366 750 2430 apud
774 2365 1058 2415 Hard.Acta
1142 2373 1405 2413 tenerentur
1445 2363 1677 2411 breviores
1712 2363 1888 2411 deferre
1917 2363 2104 2427 capillos
2130 2399 2149 2424 ‚

57 2447 237 2496 Concil.
266 2461 382 2497 tom.
418 2469 432 2497 1
450 2486 465 2512 ,
499 2450 587 2498 col.
619 2448 746 2516 982,
776 2468 883 2498 can.
924 2467 1052 2510 xuv,
1139 2449 1207 2494 uti
1229 2448 1375 2510 reipsa
1396 2444 1645 2492 ostendunt
1673 2444 1807 2492 allata
1836 2444 2145 2501 documenta,

51 2530 238 2576 statuit:
275 2529 490 2576 Clericus
514 2545 601 2576 nec
624 2546 807 2577 comam
835 2532 1024 2578 nutriat
1038 2566 1054 2586 ,
1138 2528 1318 2592 aliaque
1333 2526 1497 2573 similia
1514 2543 1613 2590 quae
1628 2525 1778 2572 afferri
1798 2535 1994 2589 possent.
2009 2524 2151 2572 Aliud

50 2624 138 2655 nec
167 2607 377 2655 barbam.
397 2608 619 2656 Nonnulli
643 2609 821 2656 codices
846 2610 1055 2656 addunt:
1138 2617 1350 2670 praeterea
1381 2608 1577 2670 cogitare
1600 2642 1613 2665 ,
1646 2607 1905 2670 vigentibus
1938 2623 2150 2671 persecu-

50 2707 138 2737 nec
168 2689 361 2737 barbam
393 2690 565 2749 radat,
602 2700 680 2737 aut
718 2688 925 2737 tondeat.
956 2688 1055 2738 Cfr.
1109 2733 1111 2737 .
1138 2689 1370 2748 tionibus,
1410 2699 1522 2736 esset
1547 2686 1821 2737 absurdum.

48 2770 163 2818 ibid.
185 2770 330 2818 Cone.
350 2771 556 2820 Toletan.
576 2787 678 2819 can.
693 2786 708 2816 1
731 2808 744 2831 ,
773 2770 896 2836 apud
911 2767 1053 2818 Hard.
1207 2771 1271 2835 (3)
1295 2771 1389 2819 'De
1438 2772 1590 2835 antiq.
1631 2770 1770 2821 Ecol.
1816 2771 1948 2818 ritib.
1987 2770 2072 2818 lib.
2098 2788 2114 2818 1
2133 2808 2154 2833 ,

50 2862 161 2900 tom.
192 2870 229 2899 11
249 2889 263 2911 ,
306 2853 396 2901 col.
439 2853 582 2918 1139.
1138 2862 1257 2918 part.
1285 2869 1346 2910 ιι,
1382 2870 1484 2918 cap.
1520 2850 1583 2911 8,
1612 2862 1697 2900 art.
1727 2869 1754 2917 7
1774 2889 1787 2911 ,
1824 2850 1850 2918 S
1880 2850 1914 2913 4
1939 2862 1983 2899 et
2010 2869 2144 2918 seqq.

118 2933 187 2997 (2)
227 2934 323 2982 Cfr.
354 2935 473 2999 apud
493 2934 725 2982 pelliciam
745 2971 758 2993 ‚
780 2951 855 2998 op.
880 2936 959 2982 cit.
986 2932 1058 2983 De
1205 2934 1273 2997 (lt)
1306 2933 1396 2999 Op.
1422 2937 1501 2983 cit.
1522 2932 1740 2983 Exercit.
1770 2952 1847 2983 xv.
1876 2933 1974 2982 Cfr.
2009 2936 2149 2982 etiam

51 3015 327 3063 christianoe
341 3013 570 3065 Ecclesiae
584 3016 759 3081 primm
775 3053 787 3074 ,
821 3016 988 3065 medice
1014 3024 1059 3064 et
1138 3015 1468 3065 Thomassinus
1488 3053 1502 3076 ‚
1522 3015 1604 3064 De
1633 3025 1723 3066 vet.
1745 3025 1789 3063 et
1812 3033 1934 3064 nova
1950 3014 2146 3081 discipl.

51 3099 319 3146 novissimos
330 3098 520 3164 politia,
540 3099 622 3146 lib.
643 3095 1054 3163 vr,Venet.1782,
1137 3109 1253 3160 part.
1277 3115 1292 3146 ι
1318 3134 1332 3156 ,
1376 3098 1461 3146 lib.
1505 3115 1538 3145 u
1560 3136 1573 3158 ,
1606 3115 1710 3162 cap.
1761 3098 1822 3161 37
1865 3108 1909 3146 et
1943 3114 2072 3162 seqq.
2103 3105 2150 3144 et

54 3179 135 3226 ubi
160 3180 403 3243 prudenter
422 3181 632 3228 observat
660 3181 737 3228 hic
757 3191 930 3241 auctor,
965 3199 1054 3246 pu·
1138 3179 1383 3228 Hallierius
1407 3217 1419 3238 ‚
1441 3177 1515 3228 De
1534 3182 1685 3227 sacris
1706 3178 2088 3228 ordinationibus
2104 3187 2150 3226 et

54 3259 246 3307 tandum
280 3272 515 3326 propterea
545 3279 641 3309 non
672 3279 791 3322 esse,
823 3279 926 3310 eam
950 3273 1057 3310 ton·
1136 3261 1347 3309 electiora.
1365 3261 1507 3310 Paris.
1533 3260 1742 3312 1636.1n
1756 3259 2021 3327 appendad
2033 3271 2143 3308 sect.

57 3358 170 3388 surae
190 3340 383 3389 formam
401 3345 559 3406 primis
579 3341 756 3390 saeeulis
780 3343 1054 3403 obtinuisse,
1138 3360 1215 3391 vm
1236 3381 1249 3402 ‚
1283 3354 1369 3392 art.
1402 3361 1429 3391 2
1455 3355 1497 3393 et
1525 3360 1651 3411 seqq.

57 3438 158 3488 quae
178 3432 328 3486 postea
350 3423 537 3494 inducta
567 3434 664 3483 est,
695 3424 773 3472 sed
799 3441 851 3471 eo
871 3425 1056 3483 referri,
1207 3425 1272 3488 (5)
1308 3425 1444 3491 Apud
1472 3427 1616 3475 Hard.
1644 3435 1760 3473 tom.
1792 3439 1838 3472 vx
1857 3459 1871 3484 ,
1926 3433 2046 3489 part.
2063 3440 2097 3471 11
2126 3455 2144 3484 ‚

57 3514 107 3551 ut
135 3521 264 3551 coma
288 3503 576 3562 tonderetur,
606 3522 723 3553 neve
750 3507 855 3553 cirri
879 3505 1059 3554 difflue·
1141 3504 1232 3556 col.
1278 3505 1422 3574 1695.

58 3596 188 3648 rent,
220 3586 332 3635 adeo
361 3595 412 3633 ut
439 3589 519 3651 qui
538 3586 657 3634 clero
680 3587 1058 3647 accensebantur,
