2508 4120
272 149 391 208 152
876 207 881 213 ,
966 168 1286 209 rnAcu'rus
1330 171 1401 209 nn
1444 172 1667 212 onnmn.

1436 256 1459 267 :-

273 315 675 397 antiquissima
714 311 976 371 Ecclesiae
1017 312 1335 372 traditione
1382 317 1768 383 certissimum
1802 318 2018 380 habere
2058 320 2400 381 fundamen-

270 423 399 471 tum
419 457 434 487 7
463 420 639 492 prout
660 408 723 466 in
745 408 1144 490 propositione
1174 420 1373 469 nostra
1404 412 1777 473 enunciatum
1803 426 1910 474 est.

1056 556 1061 562 ’
1101 560 1591 603 DIFFICULTATES.

355 677 494 736 159.
546 675 677 756 Obj.
717 679 1032 760 Perperam
1058 678 1342 738 Pontificii
1375 677 1712 759 exemplum
1740 681 1963 757 jactant
1991 679 2401 763 Apostolorum

270 772 345 834 ad
368 772 662 835 caelibatus
678 773 866 854 legem
881 774 1411 848 cohonestandam3
1443 775 1506 831 1Ο
1523 785 1747 833 certum
1768 776 1923 834 enim
1944 788 2056 853 est7
2076 799 2194 835 non
2213 776 2402 836 solum

272 871 582 953 Apostolos
605 892 810 930 uxores
829 871 1138 932 retinuisse
1159 917 1176 946 7
1204 870 1308 930 sed
1335 891 1530 930 secum
1553 891 1648 930 eas
1668 870 2398 953 insupercircumduxisse7

271 982 423 1030 teste
450 969 628 1029 Paulo
649 1016 664 1046 7
703 973 726 1028 Ι
755 968 830 1028 ad
853 970 983 1028 Cor.
1018 970 1096 1027 IX
1116 1014 1132 1043 7
1172 968 1209 1026 5
1230 1014 1246 1043 7
1269 968 1559 1029 scribente
1589 991 1601 1026 2
1626 970 1946 1047 Numquid
1966 991 2092 1029 non.
2116 970 2404 1028 habemus

263 1076 611 1146 potestatem
665 1067 979 1125 mulierem
1027 1085 1286 1124 sororem
1334 1066 1843 1124 circumducendi
1862 1111 1879 1134 ‚
1928 1068 2086 1123 sicut
2126 1076 2182 1123 et
2225 1069 2405 1124 ceteri

270 1163 573 1242 Apostoli,
602 1172 657 1220 et
667 1165 896 1240 fratres
921 1163 1203 1231 Domini,
1229 1171 1283 1218 et
1303 1160 1524 1240 Cepkas
1541 1158 1671 1239 (l)?
1693 1161 1759 1218 20
1778 1161 1927 1219 Sane
1943 1159 2038 1222 vel
2053 1161 2176 1241 ipse
2191 1158 2404 1219 Paulus

273 1279 521 1318 uxorem
543 1256 749 1317 habuit
769 1302 785 1332 7
820 1278 999 1338 quam
1023 1255 1361 1338 compellat7
1392 1255 1467 1315 ad
1492 1255 1747 1338 Philipp.
1788 1257 1858 1314 IV
1879 1300 1896 1333 7
1926 1255 1961 1314 3
1985 1278 1998 1314 z
2028 1257 2242 1317 Etiam
2269 1276 2404 1335 royo

271 1365 327 1411 et
369 1365 454 1425 te,
518 1375 808 1433 germane
850 1374 1095 1432 compar
1121 1400 1137 1422 ‚
1201 1354 1431 1431 adjuva
1474 1354 1687 1413 illas...
1752 1374 1892 1411 cum
1955 1352 2243 1413 Clemente
2279 1351 2400 1432 (2);

271 1451 469 1508 Graece
506 1449 666 1508 enim
707 1459 796 1508 est
837 1454 1008 1528 σύζυγε
1053 1457 1254 1528 γνήσιε,
1303 1469 1431 1530 quae
1469 1469 1583 1509 vox
1615 1449 1850 1531 proprie
1886 1452 2189 1527 conjugem
2226 1448 2407 1527 signi-

267 1546 420 1603 ficat.
475 1548 687 1626 Aperte
722 1555 919 1603 autem
955 1545 1015 1602 id
1059 1555 1308 1603 testatur
1344 1543 1618 1603 Clemens
1671 1544 1833 1603 Alex.
1876 1543 1988 1623 (3).
2036 1543 2102 1602 30
2146 1543 2238 1602 Sic
2262 1563 2400 1624 per-

268 1662 475 1722 peram
513 1639 841 1698 obtrudunt
883 1640 1139 1720 antiquae
1176 1637 1437 1698 Ecclesiae
1476 1638 1890 1712 traditionem3
1923 1660 2055 1698 cum
2081 1639 2241 1698 enim
2269 1658 2405 1717 age·

266 1749 430 1796 retur
464 1739 525 1796 in
568 1736 824 1796 Concilio
851 1738 1085 1797 Nicaeno
1113 1736 1186 1796 de
1227 1735 1562 1795 inducenda
1592 1757 1744 1795 nova
1781 1738 1929 1816 leye,
1964 1747 2030 1794 ut
2063 1736 2162 1816 qui
2208 1745 2405 1794 essent

266 1834 474 1892 Sacris
495 1835 737 1891 initiati
758 1855 880 1892 non
906 1843 1220 1891 uterentur
1245 1834 1540 1891 uxoribus
1563 1833 1818 1912 leyitime
1833 1833 1959 1891 sibi
1970 1842 2107 1890 ante
2136 1832 2404 1891 Ordina-

268 1933 490 1987 tionem
523 1932 907 1998 consociatis,
943 1927 1310 2009 Paphnutius
1346 1928 1663 2010 Episcopus
1698 1928 1999 2009 AEgyptius
2034 1948 2099 1986 ac
2129 1927 2404 2008 singulari

267 2024 611 2083 castimonia
639 2023 1244 2084 commendatissimus
1279 2023 1662 2085 vehementer
1696 2025 2041 2084 vociferatus
2068 2035 2155 2084 est
2182 2069 2197 2098 7
2233 2045 2404 2103 grave

265 2119 378 2179 hoc
397 2124 605 2200 jugum
630 2119 848 2178 clericis
877 2132 935 2179 et
958 2118 1363 2179 Sacerdotibus
1387 2142 1509 2179 non
1537 2142 1659 2179 esse
1687 2119 2148 2202 imponendum,
2176 2140 2241 2177 ac
2265 2120 2404 2176 satis

266 2236 390 2274 esse
411 2260 426 2288 7
463 2227 562 2290 ut,
595 2216 695 2296 qui
716 2216 777 2272 in
794 2215 1014 2273 clerum
1041 2214 1282 2290 fuissent
1314 2215 1587 2296 adscripti
1608 2261 1623 2289 7
1648 2221 1820 2293 juxta
1856 2226 2115 2276 veterem
2142 2213 2402 2272 Ecclesiae

268 2310 650 2370 traditionem
676 2315 801 2389 jam
841 2333 962 2369 non
988 2310 1238 2391 amplius
1270 2331 1511 2370 uxorem
1537 2311 1821 2370 ducerent
1847 2356 1863 2385 7
1907 2321 1972 2368 ut
1998 2310 2261 2369 referunt
2296 2310 2403 2367 So-

264 2419 449 2468 crates
502 2407 589 2488 (4)
627 2419 803 2489 atque
846 2410 1199 2467 Sozomenus
1236 2406 1355 2488 (5);
1406 2408 1504 2487 qui
1535 2406 1765 2465 addunt
1801 2407 1861 2464 in
1899 2406 2217 2487 Paplinutii
2262 2426 2401 2466 sen-

268 2505 518 2564 tentiam
547 2503 1002 2564 concedentibus
1039 2504 1298 2564 universi
1329 2502 1566 2561 Concilii
1594 2502 1860 2560 Patribus
1881 2548 1897 2577 7
1948 2501 2403 2561 controversiam

271 2601 535 2659 sedatam
560 2622 683 2660 esse
704 2646 718 2674 7
759 2613 819 2660 et
846 2611 1198 2682 potestatem
1215 2604 1584 2678 permissam
1610 2603 1826 2676 cuique
1842 2620 1959 2677 pro
1986 2600 2291 2658 arbitratu
2323 2598 2402 2655 ab

266 2718 529 2755 uxorum
544 2699 970 2758 consuetudine
983 2694 1573 2755 abstinendi.li⁰Hinc
1589 2705 1672 2752 tot
1682 2693 1779 2752 illa
1792 2694 2055 2776 exempla
2069 2703 2399 2751 sanctorum

266 2792 684 2873 Episcoporum
714 2803 773 2851 et
798 2792 1175 2851 Sacerdotum
1197 2836 1212 2865 7
1246 2790 1347 2870 qui
1373 2791 1746 2847 matrimonio
1763 2789 1954 2866 juncti
1978 2787 2151 2846 fuisse
2172 2832 2187 2861 7
2220 2797 2397 2868 atque

270 2888 335 2946 in
363 2889 710 2969 Episcopatu
734 2899 793 2946 et
819 2887 1153 2946 Sacerdotio
1182 2885 1395 2944 liberos
1427 2884 1741 2965 suscepisse
1776 2884 2062 2941 feruntur.
2098 2884 2215 2940 Hos
2244 2883 2400 2942 inter

263 2984 529 3043 eminent
557 2984 614 3042 S.
651 2983 957 3063 Gregorius
985 2981 1381 3041 Nazianzenus
1404 3025 1419 3054 7
1441 2979 1539 3060 qui
1560 2978 1632 3036 ab
1650 2978 1929 3060 Episcopo
1948 2989 2113 3060 patre
2137 3000 2239 3036 suo
2266 3001 2399 3060 pro-

216 3089 225 3102 “’
265 3081 492 3159 genitus
523 3091 610 3139 est
630 3125 646 3155 7
679 3101 796 3137 una
837 3101 968 3137 cum
1001 3076 1275 3136 fratribus
1306 3088 1365 3134 et
1389 3072 1683 3134 sororibus
1713 3078 1834 3151 ejus
1866 3086 2009 3132 natu
2051 3074 2393 3134 minoribus,

266 3176 418 3236 Hinc
433 3176 698 3258 Synodus
722 3178 1028 3255 Ancyrana
1051 3196 1207 3232 anno
1234 3171 1352 3231 314
1370 3215 1387 3246 7
1413 3191 1542 3229 can.
1574 3171 1650 3227 IX
1670 3215 1686 3244 7
1711 3170 1976 3252 permisit
1992 3213 2008 3242 7
2040 3181 2110 3254 vut
2126 3170 2189 3228 in
2213 3170 2398 3230 officio

331 3328 398 3392 (l)
434 3327 512 3385 Mn*
542 3332 616 3379 ov'n
646 3327 808 3393 ’ἔχομεν
846 3325 1036 3389 ἐξουσίαν
1075 3322 1281 3390 οἷδελφῆν
1370 3320 1694 3384 συλλαμβάνω
1716 3322 1957 3374 αὐτ-αξη..
1997 3318 2124 3384 μετ-οἶ
2154 3319 2231 3371 καὶ
2263 3320 2388 3376 Κλέ-

261 3411 453 3470 γυνωῖκοι
506 3410 761 3479 περιάγειν,
810 3414 864 3465 ὦς
921 3407 1001 3460 καὶ
1051 3412 1087 3459 οἱ
1136 3405 1284 3457 λοιποὶ
1370 3427 1543 3468 pierres.

258 3493 544 3555 άπὸστυλοι,
584 3493 660 3543 καὶ
695 3498 731 3544 οἱ
765 3491 965 3559 ἑδελφοὶ
990 3497 1071 3543 τοῦ
1097 3489 1252 3557 Κυρίου
1272 3529 1283 3551 7
1440 3489 1504 3552 (3)
1541 3488 1679 3555 Apud
1706 3487 2029 3538 Euseb.Hist.
2069 3487 2182 3537 eccl.
2202 3486 2288 3536 lib.
2308 3501 2382 3546 111,

262 3572 339 3625 xa)
374 3580 549 3636 Κεφοῖς.
1370 3589 1475 3638 cap.
1508 3573 1586 3619 30.

325 3658 391 3724 (2)
431 3655 520 3708 Koa}
551 3660 689 3724 ἐρωτᾷ
714 3658 797 3707 καί
817 3681 866 3708 σε
893 3657 1067 3721 σόζυγε
1103 3653 1286 3719 γνήσιε,
1433 3654 1504 3718 (ᾗ)
1544 3652 1677 3702 IIist.
1711 3651 1825 3702 eccl.
1854 3653 1938 3702 lib.
1973 3668 2018 3716 1,
2053 3669 2156 3718 cap.
2187 3666 2264 3700 11.

1432 3736 1499 3801 (5)
1545 3736 1668 3786 lbid.
1691 3753 1796 3801 cap.
1838 3735 1920 3784 23.
