2612 4146
499 227 622 269 car.
666 229 708 265 1.
757 230 824 265 nn
851 226 1139 268 *vitalum
1184 224 1416 265 saonam.
1462 224 1626 261 Ex'rn.
1674 224 1842 264 onor.
2134 209 2210 267 65

114 373 357 433 Haeresis
381 371 540 432 enim
562 391 691 452 quae
715 367 1022 429 veritatem
1043 369 1295 428 retinere
1324 367 1609 427 detrectat
1624 387 1788 443 ,eam
1814 367 2021 428 saltem
2050 370 2212 431 velut

114 467 319 528 aemula
340 467 621 525 imitatur.
638 466 719 523 Ex
734 463 1129 545 superstitiosa
1144 484 1321 544 porro
1338 461 1574 520 illorum
1587 459 1988 521 haereticorum
2005 463 2214 544 agendi

111 563 336 622 ratione
358 561 504 620 circa
526 559 839 618 morientes
863 555 1233 617 ineluctabile
1253 555 1448 637 praxis
1481 576 1546 614 ac
1569 554 1706 614 fidei
1729 555 1985 616 Ecclesiae
2013 557 2216 617 catho-

111 658 234 717 licae
270 656 686 716 documentum
720 654 1010 727 eruimus3
1049 672 1240 732 neque
1267 650 1424 718 enim
1446 648 1615 708 illum
1639 651 1820 709 ritum
1842 653 2217 713 retinuissent

114 774 180 812 ac
202 761 584 814 temerassent
606 749 861 808 haeretici
888 747 973 806 illi
994 791 1011 822 .,
1043 746 1154 804 nisi
1179 745 1243 803 in
1272 744 1517 812 Ecclesia
1536 788 1553 818 ,
1584 765 1616 802 a
1641 765 1755 825 qua
1779 745 2166 808 discesserunt
2192 794 2210 824 ‚

113 846 455 906 obtinuisset
479 846 1606 924 (1).¹

195 942 294 1000 31.
343 941 435 1000 Ad
476 939 559 1014 (21¹²
577 985 594 1015 .,
631 942 792 1000 Dist.
836 935 1139 997 Dubitavit
1175 933 1486 993 Decentius
1528 932 1602 992 de
1635 932 1807 1011 hujus
1851 937 2211 998 Sacramenti

112 1038 377 1095 ministro
401 1056 465 1094 ac
494 1033 783 1112 subJect0‚
806 1051 997 1098 cono.,·
1021 1028 1094 1089 de
1122 1027 1480 1088 Sacramenti
1509 1027 1789 1102 veritate,
1825 1050 1954 1108 neq.
1979 1031 2046 1089 Id
2069 1054 2221 1092 con-

117 1143 232 1191 stat
258 1153 330 1191 ex
360 1128 683 1204 Innocentii
705 1125 929 1199 verbis,
964 1146 1064 1184 seu
1088 1123 1467 1204 responsione
1497 1121 1573 1180 ad
1600 1122 1948 1182 Decentium
1976 1125 2156 1185 data.

197 1227 297 1285 32.
345 1227 432 1285 Ad
462 1225 543 1283 5¹1¹
563 1267 580 1297 .,
617 1223 776 1281 Dist.
811 1222 987 1279 Juxta
1016 1218 1263 1298 glossam
1305 1219 1574 1277 Extrema
1608 1217 1820 1276 Unctio
1846 1219 2006 1277 exiis
2032 1222 2226 1280 Sacra·

117 1322 328 1381 mentis
355 1341 477 1377 non
509 1326 599 1376 est
618 1360 637 1391 .,
676 1336 802 1397 quae
822 1314 1174 1396 imprimunt
1207 1312 1600 1371 characterem
1621 1356 1637 1386 ,
1676 1310 1934 1394 adeoque
1967 1315 2229 1374 reiterari

117 1438 237 1475 non
258 1425 501 1496 possunt
522 1458 538 1486 a
574 1432 759 1479 cone.;
778 1431 899 1468 non
926 1420 1014 1469 est
1036 1410 1478 1468 Sacramentum
1509 1406 1850 1491 simpliciter
1869 1452 1885 1482 ‚
1919 1430 2050 1487 neq.
2079 1409 2230 1468 Alio·

115 1511 258 1592 quin
278 1531 407 1569 eam
429 1529 552 1566 non
583 1504 920 1566 contulisset
950 1524 1087 1564 cum
1117 1503 1468 1564 Poenitentia
1487 1546 1504 1577 ‚
1543 1521 1670 1583 quae
1704 1501 1840 1561 licet
1870 1502 2065 1562 iterari
2090 1526 2229 1585 pos·

121 1606 194 1664 sit
212 1651 228 1679 ‚
269 1616 357 1664 est
384 1616 587 1663 tamen
615 1604 1076 1661 Sacramentum.

198 1699 295 1758 33.
340 1700 484 1757 Inst.
512 1698 650 1770 Quis
678 1692 936 1778 prudens
962 1695 1296 1753 Extremam
1310 1692 1661 1751 Unctionem
1677 1691 1839 1750 inter
1855 1692 2228 1754 Sacramenta

119 1805 412 1854 recenseat
427 1838 443 1867 ,
469 1792 542 1852 de
555 1797 642 1870 cuj
652 1813 714 1850 us
743 1790 1114 1850 institutione
1135 1833 1151 1863 7
1175 1787 1420 1848 materia
1440 1832 1457 1861 7
1487 1787 1674 1846 forma
1696 1831 1713 1861 ‚
1742 1786 2013 1846 ministro
2034 1834 2050 1863 ,
2087 1788 2230 1847 sub-

110 1893 265 1966 jecto
301 1899 361 1948 et
391 1886 688 1947 effectibus
722 1885 969 1947 Romani
1000 1884 1108 1965 ipsi
1135 1882 1412 1965 praecipui
1448 1881 1722 1960 Theologi
1758 1882 2038 1943 acerrime
2076 1884 2233 1945 inter

119 2004 179 2042 se
204 1980 637 2062 digladiantur?

204 2077 302 2135 34.
347 2079 520 2158 Resp.
556 2079 712 2137 Dist.
748 2077 834 2135 lta
856 2086 922 2134 ut
939 2074 1029 2134 hae
1051 2073 1472 2155 disputationes
1493 2073 1680 2154 ipsam
1700 2071 2085 2132 substantiam
2110 2096 2234 2133 non

122 2172 411 2251 attingant
431 2217 448 2246 .‚
480 2193 670 2240 eone-,3
694 2172 774 2230 ita
798 2183 864 2229 ut
885 2171 1176 2248 attingant
1203 2167 1592 2227 substantiam
1611 2168 1829 2249 ipsam,
1855 2191 1983 2249 neq.
2011 2170 2233 2230 Omnes

124 2269 280 2325 enim
324 2266 598 2345 Theologi
631 2266 896 2324 unanimi
930 2285 1217 2324 consensu
1247 2265 1583 2322 Extremam
1611 2264 1961 2322 Unctionem
1987 2265 2073 2322 uti
2096 2286 2233 2325 vere

124 2383 188 2421 ac
202 2362 435 2443 proprie
455 2364 894 2421 Sacramentum
907 2359 1150 2420 habent.
1169 2360 1290 2418 Hac
1312 2359 1602 2440 praecipua
1620 2357 1869 2419 veritate
1895 2359 2232 2434 constituta,

123 2458 184 2514 in
212 2467 399 2516 cetera
421 2456 630 2531 deinde
657 2456 921 2516 subtilius
950 2455 1257 2536 inquirunt
1277 2499 1293 2528 ‚
1320 2455 1407 2512 uti
1428 2454 1495 2512 fit
1513 2454 1659 2511 circa
1684 2454 1957 2514 veritates
1982 2454 2234 2535 reliquas

125 2549 198 2608 ab
230 2552 371 2632 ipsis
404 2550 884 2623 protestantibus.
917 2548 1213 2627 Ejusmodi
1238 2558 1434 2630 autem
1471 2547 1818 2628 quaestiones
1846 2569 1981 2607 cum
2026 2549 2238 2628 dogma
2265 2598 2271 2609 .

127 2667 247 2703 non
272 2646 562 2724 attingant
579 2690 595 2719 ,
628 2649 748 2722 ejus
775 2644 1006 2703 veritati
1023 2642 1224 2703 obesse
1252 2652 1574 2726 nequeunt.

196 2812 257 2875 (1)
294 2810 410 2860 Satis
446 2821 512 2860 est
552 2811 709 2858 oculos
742 2811 971 2875 conjicere
1008 2810 1057 2855 in
1074 2810 1134 2855 ci·
1221 2806 1462 2873 cipatibus
1489 2804 1863 2871 &potestatibus
1882 2807 2179 2872 apprehendi
2193 2820 2239 2860 et

127 2904 242 2942 tatos
280 2899 488 2942 auctores
514 2928 531 2953 ,
558 2893 830 2958 utquisque
877 2889 1130 2954 intelligat,
1221 2890 1374 2936 teneri
1415 2896 1650 2952 nequeant
1669 2923 1683 2947 ‚
1732 2895 1872 2952 atque
1911 2898 1966 2936 nt
2013 2891 2238 2954 internus

129 2979 268 3024 ritum
320 2977 682 3040 superstitiosum
742 2973 845 3020 illos
899 2972 1134 3019 haereticos
1218 2988 1380 3019 eorum
1410 2969 1545 3018 homo
1586 2969 1830 3018 invisibili
1866 2970 2002 3018 modo
2033 2971 2236 3021 ulterius

132 3075 389 3123 usurpasse.
420 3056 628 3105 Sufficiat
645 3053 780 3104 nobis
806 3054 1002 3114 afferre,
1033 3069 1134 3118 quae
1218 3051 1444 3101 ascendat
1466 3088 1479 3111 ,
1518 3051 1722 3116 perinde
1760 3053 1996 3100 nimirum
2039 3070 2097 3100 ao
2132 3071 2238 3102 cor-

134 3137 190 3186 de
208 3138 541 3201 Valentinianis
569 3138 726 3186 scribit
748 3135 799 3185 S.
821 3135 1020 3184 Irenaeus
1045 3134 1134 3182 loc.
1211 3151 1336 3200 pora
1371 3150 1532 3181 eorum
1560 3134 1686 3182 inter
1723 3150 1797 3181 ree
1827 3134 2045 3181 conditas
2082 3134 2236 3183 relin-

136 3223 214 3271 cit.
243 3239 296 3270 ex
322 3225 528 3271 versione
554 3222 674 3269 Billii
699 3237 712 3268 :
743 3217 869 3269 Sunt
901 3217 991 3266 alii
1012 3254 1026 3278 ‚
1061 3220 1135 3265 in·
1218 3224 1451 3281 quantur.
1470 3214 1787 3264 invocationes
1818 3233 1924 3264 vero
1945 3251 1958 3274 ‚
1989 3233 2102 3279 quas
2130 3235 2155 3266 a
2185 3235 2235 3268 se

138 3304 268 3368 quit,
301 3306 385 3366 qui
410 3302 518 3368 jam
554 3305 756 3369 jamque
802 3317 860 3347 em
896 3299 994 3347 'hae
1035 3301 1136 3347 vita
1219 3307 1602 3346 commemoratas
1633 3297 1791 3345 scribit
1821 3296 1872 3344 S.
1898 3296 2128 3358 Irenaeus,
2162 3300 2233 3349 hae

138 3398 404 3431 excessuros
433 3383 694 3442 redimant,
712 3380 863 3430 oleum
887 3398 1023 3446 aquoe
1043 3382 1136 3428 im·
1220 3386 1359 3428 sunt:
1379 3377 1603 3436 Bet-sema,
1626 3377 1898 3436 Chamaui,
1916 3375 2200 3428 Baoenoeora
2214 3419 2230 3443 ‚

140 3465 345 3512 mixtum
374 3466 427 3511 in
447 3481 609 3512 eorum
639 3466 798 3529 capita
824 3464 1094 3528 injicientes
1119 3499 1133 3522 ‚
1221 3460 1473 3525 Mystadia
1499 3497 1512 3520 ‚
1555 3458 1740 3507 Ruada
1776 3495 1790 3518 ,
1834 3457 1986 3506 Casia
2011 3497 2026 3516 ‚
2071 3461 2235 3510 Bobe-

138 3564 364 3595 unacum
394 3547 460 3593 iis
479 3545 889 3603 invocationibus,
924 3561 1043 3608 quas
1058 3560 1137 3591 su·
1214 3542 1337 3607 phar
1360 3579 1374 3601 ‚
1417 3539 1627 3589 Calathi.
1660 3537 1782 3603 Quid
1817 3557 1951 3603 porro
1982 3543 2077 3590 istis
2102 3559 2233 3591 com-

131 3631 301 3695 perine
326 3627 811 3675 commemoravimus.
857 3625 1000 3692 Quod
1030 3627 1140 3689 qui·
1221 3641 1363 3672 mune
1384 3633 1456 3670 >est
1482 3638 1590 3669 cum
1608 3620 1831 3669 Extremas
1852 3622 2094 3671 Unctionis
2112 3623 2232 3673 ritu?

143 3711 246 3759 dem
263 3727 314 3758 eo
322 3710 532 3775 faciant,
559 3716 613 3756 nt
627 3723 658 3755 a
675 3706 998 3773 superioribus
1004 3707 1142 3773 prin·
1222 3703 1324 3755 cfr.
1345 3703 1677 3754 Feuardentius
1692 3704 1743 3752 in
1758 3721 1859 3770 cap.
1883 3721 1900 3752 ι
1913 3722 1940 3771 7
1957 3705 2098 3772 hujus
2109 3704 2236 3754 libri:
2323 3694 2329 3699 ’

219 3794 285 3851 Τ.
335 3791 457 3850 VII.
1950 3783 1986 3841 5
