2612 4146
351 177 430 235 76
1063 199 1386 239 'mmm-rus
1428 202 1497 240 :nn
1538 202 1769 242 onmmz.

352 353 511 402 ctum
546 354 606 402 et
631 344 917 402 minister.
953 339 1177 415 Quibus
1201 342 1364 403 aliud
1384 356 1560 427 caput
1591 346 1989 407 subnectimus
2013 345 2091 405 ad
2115 348 2474 431 praecipuum

350 438 715 499 ecclesiastici
738 437 974 497 Ordinis
994 437 1169 499 decus
1193 439 1651 518 vindicandum,
1676 442 1835 525 quod
1858 443 1920 502 in
1950 443 2323 504 continentiae
2343 466 2476 527 pro·

350 534 597 595 sessione
624 533 906 594 consistit.

1262 757 1506 818 CAPUT
1550 759 1595 818 Ι.

880 928 947 965 DE
990 925 1344 969 SAGRAMENTI
1385 930 1606 969 ORDINIS
1649 930 1948 971 VERITATE.

431 1124 488 1184 4.
531 1123 692 1184 Ordo
735 1146 837 1185 seu
874 1146 1033 1186 sacra
1070 1124 1377 1187 Ordinatio
1412 1126 1644 1187 definiri
1681 1127 1985 1189 consuevit
2021 1150 2036 1186 z
2080 1129 2267 1189 Ritus
2315 1151 2483 1189 sacer

348 1243 452 1281 seu
489 1223 954 1281 Sacramentum
987 1221 1175 1283 Novoe
1198 1223 1371 1304 Leqis
1399 1245 1440 1282 a
1466 1223 1700 1284 Christo
1729 1228 2080 1284 institutum
2101 1272 2118 1294 ,
2152 1246 2264 1304 quo
2293 1229 2478 1306 spiri-

348 1319 536 1378 tualis
553 1328 814 1399 potestas
838 1321 1154 1397 confertur
1177 1320 1954 1400 Sacramentaconficiendi
1965 1331 2031 1378 et
2057 1322 2478 1392 ministrandi,

347 1425 654 1494 ceteraque
680 1415 1076 1474 ecclesiastica
1101 1419 1321 1485 munia
1336 1436 1454 1496 pro
1466 1420 1625 1495 jure
1641 1416 1921 1476 obeundi.
1947 1417 2128 1474 Prout·
2155 1416 2316 1476 Ordo
2342 1416 2480 1475 dici·

346 1523 445 1570 tur
479 1516 642 1571 ritus
672 1534 877 1588 sacer,
911 1533 1118 1572 omnes
1145 1513 1389 1573 omnino
1410 1511 1623 1593 gradus
1652 1534 1754 1574 seu
1777 1512 2441 1599 ordine'scomplectitur
2458 1557 2475 1588 ,

347 1608 525 1667 etiam
552 1630 650 1667 eos
671 1654 688 1684 ,
732 1609 794 1667 in
823 1607 1035 1691 quibus
1070 1629 1142 1669 ex
1175 1608 1569 1691 plurimorum
1602 1609 1895 1670 sententia
1935 1610 2297 1670 Sacramenti
2330 1607 2479 1667 ratio

345 1702 744 1779 desideratum
796 1716 974 1788 prout
1010 1726 1151 1767 vero
1194 1704 1407 1765 dicitur
1459 1707 1935 1776 Sacramentum,
1975 1704 2055 1764 ad
2100 1726 2197 1765 eos
2242 1714 2481 1763 tantum

343 1799 556 1881 gradus
598 1811 776 1883 atque
811 1801 1047 1862 ordines
1088 1800 1375 1877 refertur,
1398 1802 1471 1878 Ain
1519 1800 1731 1884 quibus
1771 1823 1910 1864 vera
1945 1799 2306 1861 Sacram-enti
2329 1798 2482 1859 ratio

347 1895 724 1977 dignoscitur.
973 1884 975 1887 Α
1727 1955 1729 1957 ,
2277 1894 2286 1905 ’

427 1995 486 2053 5.
537 1996 819 2056 Omnium
843 1997 1022 2080 primi
1047 1996 1226 2059 seculi
1249 1998 1379 2057 XVI
1401 2009 1714 2061 novatores
1737 1997 1910 2077 hujus
1935 1995 2295 2056 Sacramenti
2320 1995 2481 2058 veri·

346 2102 528 2151 tatem
557 2093 889 2154 convellere
921 2094 1045 2153 ausi
1059 2105 1231 2168 sunt,
1265 2093 1402 2155 licet
1431 2093 1628 2156 verbis
1659 2093 1736 2154 ad
1752 2093 2077 2154 fallendum
2098 2091 2432 2175 compositis
2456 2135 2474 2165 7

344 2209 478 2247 cum
529 2188 603 2248 de
639 2210 709 2249 eo
749 2188 1080 2265 disserunt,
1125 2189 1426 2249 interdum
1463 2199 1708 2249 utantur
1751 2189 1861 2270 (l).
1894 2186 2326 2262 Quamobrem,
2366 2185 2476 2246 etsi

343 2281 675 2364 pastoribus
712 2284 830 2344 suis
859 2306 894 2344 a
930 2283 1162 2366 regibus
1193 2295 1295 2344 aut
1338 2283 1775 2366 magistratibus
1813 2284 2009 2345 electis
2041 2304 2108 2343 ac
2140 2281 2479 2365 approbatis

343 2401 554 2438 manus
581 2381 924 2463 imponant,
957 2392 1176 2462 negant
1205 2391 1407 2441 tamen
1425 2427 1443 2456 ,
1472 2381 1521 2439 si
1562 2380 1907 2461 Anglicanos
1932 2380 2183 2464 excipias
2203 2424 2221 2454 ‚
2255 2399 2479 2439 sacram

343 2475 630 2554 ejusmodi
672 2477 964 2537 actionem
988 2478 1115 2539 veri
1148 2477 1406 2537 nominis
1443 2478 1888 2542 Sacramentum
1922 2498 2083 2551 esse,
2127 2473 2287 2557 quod
2327 2493 2477 2531 con-

342 2572 601 2633 ferendae
623 2574 822 2652 gratiae
846 2573 968 2635 vim
997 2572 1214 2634 habeat
1231 2620 1247 2649 ,
1275 2595 1393 2655 quo
1409 2572 1725 2655 spiritualis
1740 2583 1882 2632 nota
1897 2571 2272 2654 imprimatur
2301 2579 2477 2651 atque

342 2667 678 2727 indelebilis
720 2669 1052 2746 character,
1091 2692 1207 2753 quo
1245 2669 1500 2752 denique
1541 2680 1801 2751 potestas
1843 2667 2141 2728 tribuatur
2182 2664 2474 2737 docendi,

343 2765 692 2825 conficiendi
706 2777 882 2848 atque
895 2766 1350 2841 administrandi
1365 2769 1739 2827 Sacramenta
1757 2792 1774 2842 ς
1792 2767 1896 2827 sed
1910 2787 2039 2826 eam
2057 2764 2241 2827 veluti
2253 2761 2476 2820 nudam

345 2861 739 2921 ceremoniam
762 2860 988 2922 habent
1006 2910 1021 2939 ,
1052 2884 1167 2944 qua
1190 2862 1420 2923 delecto
1443 2863 1665 2945 pastori
1687 2883 1916 2921 sacrum
1941 2881 2157 2919 munus
2189 2856 2478 2917 committi

345 2956 710 3031 declaratur,
748 2957 1144 3040 assignarique
1191 2957 1576 3040 stipendium.
1621 2958 1706 3016 Ex
1741 2957 1988 3015 istorum
2035 2954 2193 3014 enim
2248 2952 2475 3035 placitis

345 3053 545 3115 fideles
587 3075 793 3113 omnes
829 3054 902 3114 .vi
946 3054 1227 3135 Baptismi
1267 3065 1407 3113 sunt
1440 3051 1773 3112 Sacerdotio
1813 3051 2115 3128 instructi,
2152 3070 2260 3109 nec
2304 3059 2478 3128 egent

345 3151 458 3211 nisi
499 3150 733 3233 publica
780 3149 1199 3231 deputatione,
1239 3160 1307 3210 ut
1343 3147 1659 3210 Sacerdotii
1701 3168 1946 3210 munere
1975 3147 2314 3226 fungantur.
2358 3142 2475 3205 Ad-

348 3268 546 3308 versus
573 3269 751 3330 quem
781 3267 1040 3308 errorem
1071 3247 1147 3305 sit

418 3494 489 3555 (Ι)
526 3493 627 3545 cfr.
659 3495 858 3547 Witasse
878 3534 892 3559 ,
917 3496 1012 3547 loc.
1045 3496 1123 3545 cit.
1154 3503 1224 3544 art
1246 3510 1296 3543 2.
