2476 4146
669 204 1677 377 TRACTATUS

601 527 768 612 DE
878 493 1829 613 INDULGENTIIS.

882 776 1480 855 PROOEMIUM.

217 1034 269 1090 1.
315 1035 425 1091 Per
480 1027 843 1089 Poenitentiae
891 1018 1334 1084 Sacramentum
1383 1023 1617 1104 culpam
1667 1022 1836 1082 nobis
1889 1044 1954 1083 ac
2002 1045 2244 1106 poenam

138 1139 415 1192 aeternam
457 1124 679 1184 remitti
699 1168 715 1196 .,
760 1142 871 1180 nec
904 1127 1104 1180 tamen
1146 1140 1377 1201 semper
1424 1118 1742 1178 condonari
1778 1129 1963 1178 totam
2006 1141 2247 1201 poenam

135 1219 517 1302 temporalem
547 1218 793 1299 peccatis
818 1217 1028 1274 nostris
1055 1213 1313 1274 debitam
1330 1258 1348 1290 ‚
1382 1214 1445 1272 in
1467 1214 1752 1296 superiori
1775 1223 2026 1273 tractatu
2047 1225 2247 1274 osten-

132 1316 342 1374 dimus,
359 1316 572 1373 Verum
589 1314 910 1373 enimvero
928 1333 1061 1370 cum
1075 1311 1513 1386 satisfactiones,
1532 1332 1674 1392 quas
1691 1313 1811 1370 Deo
1833 1310 2026 1392 persol
2035 1312 2241 1389 vimuS‚

135 1405 278 1470 adeo
297 1410 512 1489 exiguae
536 1409 655 1467 sint
679 1420 859 1489 atque
876 1429 906 1465 a
924 1407 1206 1487 gravitate
1222 1428 1510 1465 noxarum
1536 1404 1902 1487 adaequanda
1919 1405 2251 1486 longissime

135 1504 354 1574 distent
375 1549 391 1578 ,
434 1506 609 1578 Deus,
650 1503 749 1584 qui
775 1512 863 1560 est
895 1500 1419 1561 misericordiarum
1442 1511 1632 1583 pater,
1658 1500 1794 1560 huic
1826 1501 2252 1563 insufficientiae

136 1598 393 1680 providit
413 1643 428 1672 .,
470 1589 908 1672 factaEcclesiae
941 1607 1228 1678 potestate
1265 1595 1664 1675 Indulgentias
1704 1595 1990 1677 largiendi
2015 1597 2079 1681 in
2109 1619 2252 1682 sup-

135 1693 503 1775 plementum
532 1714 598 1751 ac
636 1690 963 1750 subsidium
986 1691 1349 1772 poenitentiae
1377 1703 1609 1751 nostrae.

216 1791 302 1848 De
335 1787 425 1846 his
457 1786 856 1866 indulgentiis
886 1782 1086 1846 'dicere
1121 1788 1183 1845 in
1223 1786 1532 1867 praesentia
1577 1786 1945 1865 aggredimur
1988 1799 2117 1847 tum
2146 1787 2255 1847 ad-

138 1905 338 1945 versus
358 1883 735 1941 Montanistas
756 1927 772 1956 ,
800 1881 1142 1942 Waldenses
1169 1902 1233 1940 ac
1258 1881 1595 1941 Wicleffitas
1611 1926 1628 1958 ‚
1657 1893 1788 1940 tum
1811 1881 2087 1943 adversus
2110 1885 2258 1942 Pro-

137 1964 446 2038 testantes.
500 1979 719 2058 Notum
758 1988 846 2036 est
879 1978 1126 2036 istorum
1155 1987 1497 2059 parentem,
1537 1976 1857 2036 Lutherum
1879 2022 1894 2052 .,
1937 1999 2006 2037 ex
2042 1978 2257 2040 harum

140 2073 202 2132 in
256 2074 568 2132 Germania
612 2072 1005 2154 publicatione
1043 2071 1384 2152 insurgendi
1420 2071 1697 2133 adversus
1743 2071 2056 2132 Ecclesiam
2104 2094 2262 2133 occa-

139 2168 361 2229 sionem
384 2180 621 2228 nactum
638 2189 759 2227 esse
779 2193 794 2242 ς
813 2168 984 2246 hujus
1010 2167 1267 2227 furorem
1296 2167 1568 2229 Calvinus
1582 2167 1867 2244 imitatus,
1892 2169 2114 2228 mirum
2141 2180 2253 2244 est,

142 2275 284 2345 quot
304 2264 367 2322 in
392 2263 787 2342 Indulgentias
802 2255 1051 2323 >dicteria
1077 2263 1403 2324 evomuerit
1427 2263 1537 2344 (l).
1570 2263 1648 2322 Hi
1670 2285 1846 2345 porro
1871 2263 2261 2346 ipsambfacul-

142 2369 323 2418 tatem
351 2356 705 2418 concedendi
739 2358 1138 2438 Indulgentias
1164 2379 1482 2439 earumque
1509 2357 1824 2417 utilitatem
1858 2360 2096 2418 inficiati
2119 2371 2260 2419 sunt

140 2475 255 2512 una
295 2475 428 2512 cum
464 2453 692 2513 asseclis
727 2454 862 2512 suiS.
899 2454 1247 2513 Jansenistae
1285 2465 1483 2513 autem
1529 2475 1594 2512 ac
1625 2455 1904 2513 neoterici
1938 2476 2059 2513 non
2088 2456 2259 2536 pauci

144 2571 487 2628 germanam
505 2570 707 2607 earum
733 2549 1032 2618 notionem
1051 2560 1437 2608 temerarunt.
1465 2549 1759 2608 Adversus
1783 2559 2061 2630 utrosque
2085 2571 2260 2631 prop-

142 2655 298 2702 terea
322 2642 613 2701 catholicae
635 2663 700 2700 ac
716 2643 949 2701 sincerae
963 2643 1239 2702 doctrinae
1260 2643 1335 2701 de
1350 2642 1712 2722 Indulgentis
1734 2644 2016 2704 vindicias
2031 2666 2261 2705 sumere

142 2739 399 2819 cogimur
420 2783 435 2812 ,
467 2748 534 2795 ut
563 2736 824 2796 absoluta
857 2737 1066 2798 evadat
1093 2732 1218 2797 haec
1247 2739 1684 2797 commentatio.

223 2835 284 2892 2.
332 2835 428 2892 Est
466 2843 661 2892 autem
707 2831 1067 2912 indulgentia
1103 2835 1399 2893 Remissio
1424 2855 1621 2914 poenoe
1669 2837 2010 2914 temporalis
2041 2837 2265 2902 ‚adhuc

134 2939 270 3007 post
292 2924 718 2987 ahsolutionem
731 2931 1224 2987 sacramentalem
1234 2934 1495 3008 peccatis
1518 2931 1760 3002 debitae,
1790 2936 1857 2988 iu
1868 2934 2001 3010 foro
2023 2935 2260 2991 interno

144 3044 345 3082 coram
370 3025 490 3082 Deo
514 3024 717 3082 valida
736 3066 759 3095 ,
793 3026 964 3102 facta
978 3045 1096 3103 per
1117 3027 1583 3105 applicationem
1610 3027 1883 3084 thesauri
1906 3026 2187 3087 Ecclesia·
2214 3049 2256 3087 a

217 3239 284 3304 (Ι)
321 3238 452 3290 Inet.
468 3240 551 3288 lib.
573 3255 660 3305 111,
686 3258 784 3306 cap.
807 3240 857 3301 5,
877 3240 947 3306 §2
968 3278 980 3302 ‚
997 3259 1164 3307 parum
1249 3242 1520 3307 Sauquinie
1561 3242 1750 3291 Chr-isti
1776 3243 2082 3310 profanatio,
2117 3243 2262 3293 Sata-

161 3323 202 3369 ei
224 3321 308 3368 fuit
336 3339 496 3371 vocare
525 3321 842 3388 Indulgentiae
865 3323 1053 3384 sordes,
1073 3325 1168 3370 im-
1250 3342 1414 3390 naeque
1464 3324 1733 3374 ludibrium
1751 3362 1769 3389 ‚
1806 3341 1897 3390 quo
1936 3323 2261 3374 christianum

155 3410 381 3467 postumo
398 3439 412 3463 ,
435 3403 574 3468 furta
591 3444 607 3465 ,
628 3406 915 3471 rapacitates
932 3445 948 3466 ,
975 3405 1170 3472 aliisque
1247 3406 1482 3474 populum
1513 3425 1544 3456 a
1583 3406 1687 3456 Dei
1714 3409 1875 3472 qratia
1892 3445 1905 3469 ‚
1925 3424 1956 3455 a
1983 3409 2085 3457 vita
2103 3444 2119 3472 ,
2159 3425 2265 3473 quoe

162 3484 341 3548 probris
356 3500 408 3532 ac
436 3486 725 3535 contumeliis
757 3503 832 3535 eas
856 3485 1036 3536 afficere
1054 3525 1066 3547 ‚
1092 3486 1173 3535 sed
1255 3498 1322 3537 eet
1338 3491 1393 3538 in
1411 3487 1620 3550 Christo,
1640 3489 1884 3539 abducant
1896 3524 1913 3552 ‚
1936 3498 2024 3538 ota
2046 3506 2159 3538 vera
2186 3506 2266 3538 sa-

163 3574 378 3630 praeterea
395 3582 471 3614 eas
483 3566 735 3617 describere
747 3565 1186 3618 contendens:Sunt
1266 3572 1381 3622 lutis
1411 3574 1494 3622 via
1519 3580 1752 3624 avertant.

164 3655 325 3695 autem
376 3646 472 3695 illae
512 3647 527 3712 (
557 3648 895 3717 Indulgentiae)
928 3689 941 3714 ‚
989 3654 1140 3719 iuquit
1163 3690 1176 3714 ,

251 3743 319 3799 T.
367 3742 490 3800 vn.
1003 3789 1006 3791 .
1598 3705 1601 3709 ’
2005 3751 2033 3806 1
