2508 4120
2106 162 2225 223 293

451 186 570 226 CAP.
617 191 705 228 111.
757 190 823 226 DE
868 183 1267 226 IMPEmnIEN'rls
1311 181 1689 234 MA'rnmonn,
1736 184 1856 222 E'rc.

109 327 382 410 Apologia
416 330 617 408 majori
654 332 743 411 (l)
771 377 787 406 ,
823 341 882 391 et
916 329 1312 407 Athenagoras
1348 324 1411 383 in
1437 325 1752 406 Leyatione
1783 347 1897 406 pro
1934 326 2229 386 Christia-

109 428 206 481 nis
232 422 321 502 (2)
344 467 359 496 7
387 435 667 506 tanquam
702 424 1030 483 adulterina
1068 420 1386 480 traducunt
1413 419 1699 478 nonnulla
1724 422 1986 502 conjugia
2007 420 2230 501 legibus

105 517 502 597 imperialibus
538 520 842 600 permissa.
885 517 1102 575 Eadem
1132 513 1314 572 habet
1352 513 1778 589 Tertullianus,
1831 517 1930 597 qui
1971 516 2033 574 in
2075 515 2227 575 libro

105 613 194 670 De
218 633 436 670 corona
461 615 638 672 milit.
665 635 680 672 ε
713 613 1044 679 Coronant,
1068 609 1260 689 inquit
1284 652 1299 680 7
1323 618 1376 664 et
1399 613 1629 686 nuptiae
1649 631 1906 688 sponsos.
1939 612 2079 671 Ideo
2109 633 2228 670 non

104 709 412 766 nubamus
444 710 690 768 ethnicis
712 752 734 780 ,
770 729 844 766 ne
876 728 983 765 nos
1013 706 1100 763 ad
1131 705 1538 762 idololatriam
1579 725 1766 783 usque
1808 707 2146 780 deducant,
2189 731 2229 767 a

102 824 223 880 qua
252 804 426 882 apud
444 807 574 863 illos
596 807 824 884 nuptiae
846 803 1161 880 incipiunt
1183 796 1531 877 (3).Quibus
1557 798 1750 859 verbis
1773 800 2056 880 significat
2089 825 2229 884 pas-

101 897 210 956 sim
235 898 591 980 improbatas
631 900 801 957 fuisse
844 896 1080 978 nuptias
1113 915 1245 953 cum
1284 891 1652 968 infidelibus3
1698 916 1827 975 quae
1878 896 2069 956 cultus
2106 898 2227 957 dis-

100 993 318 1072 paritas
353 1004 550 1074 postea
578 991 993 1053 consuetudine
1019 1035 1034 1063 ,
1074 1000 1137 1047 ut
1171 989 1251 1046 ait
1286 986 1671 1047 Bellarminus
1692 1033 1709 1055 ,
1740 989 2229 1071 impedimentum

101 1086 380 1146 dirimens
416 1089 716 1147 constituit
760 1087 871 1167 (4).
919 1087 986 1144 In
1021 1083 1280 1143 Concilio
1315 1081 1673 1141 Illiberitano
1712 1084 1803 1163 (5)
1829 1096 1888 1144 et
1930 1086 1995 1144 in
2046 1088 2224 1147 Conc.
2258 1119 2261 1122 ·

101 1182 550 1242 Neocaesariensi
573 1182 848 1240 statuitur
871 1179 1368 1263 impedimentum
1402 1177 1700 1238 affinitatis
1722 1180 1874 1239 intra
1898 1193 2083 1241 certos
2108 1205 2233 1263 gra-

104 1274 211 1333 dus
242 1276 331 1355 (6)
353 1321 367 1349 ,
407 1276 479 1336 de
515 1298 631 1357 quo
667 1299 697 1335 a
734 1274 954 1356 legibus
993 1272 1261 1333 civilibus
1294 1272 1442 1331 nihil
1476 1275 1861 1334 constitutum
1899 1274 2086 1336 fuerat
2113 1278 2228 1358 (7).
2266 1276 2277 1281 “’

97 1371 231 1428 Haec
257 1392 395 1429 sane
423 1370 650 1451 aliaque
684 1369 968 1450 ejusmodi
995 1369 1351 1428 documenta
1371 1413 1388 1443 .,
1427 1389 1557 1449 quae
1578 1371 1794 1450 passim
1819 1370 1881 1428 in
1914 1372 2233 1453 superiori-

96 1461 206 1522 bus
233 1464 730 1547 propositionibus
762 1464 1066 1524 attulimus
1101 1473 1160 1522 et
1183 1462 1362 1544 paulo
1388 1474 1524 1544 post
1557 1465 1842 1546 copiosius
1880 1465 2191 1526 afferemus
2212 1510 2228 1541 ‚

104 1653 271 1724 Πρέπει
313 1653 369 1706 δὲ
407 1656 501 1709 τοῖς
533 1660 736 1720 γαμοῦσι
777 1652 859 1706 καὶ
891 1655 993 1708 ταῖς
1030 1677 1121 1715 γα-

94 1735 373 1802 μουμέηιις,
397 1736 518 1800 μετ-οἶ
555 1735 736 1801 γνῶμης
767 1742 848 1786 τοῦ
877 1733 1118 1806 {memineo

94 1817 171 1877 τὼ
198 1816 338 1869 ἕνωσιν
370 1821 619 1869 ποιεῖσθαι·
647 1823 715 1868 ἵνα
747 1819 937 1883 ὅγοῖμος
957 1816 984 1887 ᾖ
997 1817 1120 1868 narce*

95 1899 202 1952 Θεὸν
221 1941 234 1963 ,
265 1899 342 1950 xa)
369 1898 439 1964 pm*
469 1903 572 1950 κατ’
604 1900 1120 1966 ἐπιθυμίαικῧῖικερυᾶ

95 1984 293 2034 Coteler.
319 1985 530 2031 Patrum
548 1983 722 2053 Apost.
743 1995 779 2032 t.
806 2000 841 2031 ιι
863 2022 876 2043 ,
898 2001 1001 2048 pag.
1029 1981 1112 2045 42.

161 2067 227 2129 (l)
254 2065 311 2113 N.
337 2063 415 2124 15,
432 2065 510 2113 ubi
527 2065 750 2114 scribitS.
771 2065 910 2114 Mart.
936 2064 1119 2132 Quem-

92 2147 348 2196 admodum
394 2149 537 2194 etiam
578 2148 646 2204 ii,
687 2148 776 2211 qui
801 2163 860 2194 etc
891 2146 988 2210 leqe
1025 2146 1117 2193 ltu-

94 2245 243 2277 mana
270 2227 444 2294 duplex
467 2228 848 2275 Matrimonium
878 2230 1112 2276 ineunt...

87 2319 355 2376 peccatores
386 2319 501 2357 sunt
528 2311 660 2376 apud
694 2310 989 2374 Maqistrum
1003 2326 1112 2359 nos-

96 2399 243 2439 trum.
269 2391 324 2437 ln
348 2409 487 2456 quem
502 2392 593 2440 loc.
616 2392 698 2440 csr.
717 2391 878 2441 adnot.
898 2392 1079 2441 Max-ani
1095 2430 1109 2454 ,

96 2490 199 2536 pag.
228 2470 310 2520 50.

168 2552 233 2616 (2)
271 2552 464 2601 Numm.
495 2551 557 2601 32
587 2564 631 2602 et
653 2555 737 2604 33.

167 2634 230 2697 (3)
270 2635 388 2700 cap.
427 2636 484 2683 13
512 2673 524 2695 ‚
554 2636 668 2684 edit.
706 2617 874 2700 Rigalt.

164 2716 233 2778 (4)
268 2715 339 2767 De
372 2717 599 2765 Matrini.
628 2735 728 2782 cap.
755 2717 820 2766 23
840 2752 854 2778 ‚
888 2735 1018 2782 prop.
1037 2731 1129 2766 [ιμ’

167 2800 234 2864 (5)
273 2799 390 2848 Can.
423 2817 492 2846 ιιι
525 2817 539 2847 :
575 2797 639 2847 Si
665 2802 774 2864 quis
801 2807 908 2866 post
930 2799 1112 2847 obitum

95 2883 261 2930 uxor-is
287 2898 386 2929 suae
422 2897 631 2929 sororem
661 2883 764 2944 ejus
798 2880 1021 2942 duxerit,
1065 2889 1111 2929 et

96 2964 201 3031 ipsa
209 2963 361 3026 fuerit
372 2962 531 3026 fidelis
549 3000 564 3025 ‚
584 2965 914 3028 quinquennio
933 2980 1110 3011 a-com-

96 3046 326 3092 munione
352 3044 542 3110 placuit
562 3045 824 3105 abstineri,
855 3046 957 3092 nisi
984 3046 1107 3110 sorte

98 3124 212 3172 dari
231 3142 400 3190 pacem
437 3126 643 3174 velocius
672 3129 926 3174 necessitas
952 3144 1106 3191 coeqe-

97 3205 162 3255 rit
187 3207 506 3269 infirmitatis.
543 3208 652 3256 Haec
670 3219 821 3256 autem
848 3225 980 3272 poena
995 3227 1106 3257 con-

99 3290 252 3335 stituta
285 3296 378 3334 erat
405 3289 620 3337 adt-ersus
651 3290 999 3355 delinquentes,
1023 3293 1104 3356 qui

98 3367 447 3416 Matrimonium
478 3380 773 3419 attentassent
803 3407 817 3433 ,
843 3381 885 3419 et
917 3372 1102 3420 resiliis-

100 3460 202 3498 sent
224 3449 281 3497 ab
314 3452 498 3497 incestis
525 3452 615 3499 illis
650 3454 821 3517 nuptiis
847 3470 861 3514 3
898 3463 948 3500 ut
978 3455 1102 3501 enim

98 3530 306 3579 observat
343 3531 586 3581 Balsamon
613 3536 661 3580 in
682 3553 785 3582 can.
823 3533 888 3598 76
928 3534 978 3586 S.
1017 3536 1106 3585 Ba-

97 3613 186 3660 silii
222 3630 235 3661 :
273 3614 347 3661 Iis
386 3615 472 3679 qui
497 3613 762 3677 desistunt,
803 3633 900 3664 non
921 3618 986 3666 iis
1025 3620 1113 3683 qui

94 3705 402 3757 perseverant
433 3696 486 3743 in
497 3706 690 3763 peccato
712 3735 725 3758 ‚
756 3698 995 3748 dabantur
1012 3719 1115 3767 με·

1204 1655 1446 1703 nitentioe.
1489 1653 1590 1704 cfr.
1610 1653 1751 1705 Card.
1783 1655 1854 1704 De
1893 1654 2117 1722 Aguirre‚
2151 1674 2231 1722 op.

1204 1742 1282 1788 cit.
1323 1740 1374 1787 in
1415 1739 1544 1787 hune
1586 1755 1693 1788 can.
1733 1750 1850 1790 tom.
1887 1756 1940 1802 ι,
1988 1759 2093 1807 pag.
2125 1739 2227 1790 665

1203 1831 1248 1870 et
1265 1837 1399 1886 seqq.

1271 1902 1339 1966 (6)
1361 1902 1459 1949 Hoc
1473 1901 1732 1951 Concilium
1751 1903 2031 1952 celebratum
2047 1914 2112 1953 est
2128 1922 2216 1953 an·-

1203 1998 1264 2030 no
1299 1980 1419 2045 314.
1449 1980 1526 2031 Sic
1552 2001 1658 2032 vero
1686 1987 1843 2032 statuit
1870 2002 1971 2033 can.
2000 1999 2044 2032 η’
2072 1983 2225 2034 :Mu—

1202 2063 1294 2112 lier
1307 2101 1324 2126 ,
1349 2067 1395 2111 si
1406 2064 1590 2113 duobus
1600 2065 1840 2129 fratribus
1854 2071 2106 2131 nupserit,
2138 2067 2224 2116 ab·

1184 2147 1400 2210 jiciatur
1412 2162 1559 2210 usque
1573 2145 1639 2193 ad
1651 2155 1862 2194 mortem.
1873 2145 2225 2197 Verumtamen

1198 2229 1253 2273 in
1292 2228 1426 2274 exitu
1445 2265 1458 2286 ‚
1484 2235 1682 2292 propter
1719 2228 2105 2276 misericordiam
2130 2265 2145 2290 ,
2178 2232 2226 2278 si

1187 2312 1506 2376 promiserit,
1541 2310 1667 2375 quod
1684 2310 1820 2375 facta
1853 2311 2108 2362 incolumis
2131 2312 2225 2361 bu-

1182 2394 1276 2458 jus
1327 2393 1685 2458 conjunctionis
1722 2391 1918 2440 vincula
1962 2392 2220 2455 dissolvat,

1190 2474 1408 2537 fructum
1446 2475 1752 2538 poenitentioe
1787 2484 2129 2539 consequatur.
2156 2475 2223 2525 A·

1198 2556 1314 2618 pud.
1342 2554 1484 2603 Hard.
1515 2555 1645 2602 Acta
1677 2553 1870 2605 Concil.
1903 2566 2016 2605 tom.
2043 2569 2094 2621 i,
2124 2557 2219 2607 col.

1201 2634 1317 2685 282.
2097 2698 2101 2703 ι

1268 2718 1332 2782 (7)
1373 2718 1522 2784 Hujus
1566 2722 1822 2769 assertionis
1859 2721 2024 2771 vadem
2053 2721 2219 2771 damus

1196 2803 1316 2848 inter
1333 2811 1503 2849 ceteros
1522 2800 1843 2866 Missingerum
1865 2840 1877 2863 ,
1897 2806 1978 2869 qui
1994 2806 2043 2851 in
2065 2803 2208 2852 Com-

1194 2891 1343 2932 ment.
1390 2884 1445 2930 in
1480 2883 1564 2931 lib.
1601 2899 1618 2932 1
1661 2881 1827 2935 Instit.
1877 2887 2018 2934 Juris
2058 2885 2212 2944 civil„

1194 2967 1261 3013 tit.
1302 2983 1351 3026 x,
1387 2964 1414 3032 ξ
1458 2964 1491 3014 6
1512 3003 1527 3027 ,
1573 2967 1732 3015 scribit
1765 2985 1779 3016 ε
1810 2964 1954 3016 Inter
1984 2978 2220 3017 transver-

1192 3046 1312 3095 sales
1340 3065 1447 3096 vero
1472 3049 1642 3116 affines
1671 3049 1805 3099 nulla
1815 3053 1936 3120 jure
1954 3052 2105 3099 veteri
2117 3059 2222 3098 erat

1184 3119 1485 3194 prohibitio,
1528 3141 1570 3179 et
1611 3141 1799 3199 poterat
1841 3131 2022 3197 aliquis
2043 3131 2219 3196 fratris

1191 3213 1274 3258 sui
1308 3213 1525 3277 defuncti
1550 3230 1744 3261 uxorem
1767 3214 2094 3261 Matrimonio
2119 3212 2220 3261 sibi

1189 3295 1491 3360 conjunqere.
1526 3294 1587 3342 L.
1616 3292 1668 3355 8,
1699 3293 1756 3342 C.
1800 3293 1859 3342 de
1887 3295 2054 3343 incest.
2070 3302 2214 3361 nupt.

1190 3374 1338 3423 multo
1390 3378 1544 3440 maqis
1612 3375 1789 3442 patrui
1846 3373 1919 3422 vel
1988 3376 2224 3426 avunculi

1186 3474 1382 3505 uxorem
1419 3465 1505 3504 aut
1542 3455 1823 3505 consobrini
1834 3474 1854 3519 ,-
1882 3474 2046 3506 verum
2076 3457 2218 3508 hodie

1182 3558 1274 3608 per
1320 3541 1659 3590 Justinianum
1711 3539 1797 3588 boc
1850 3549 2109 3590 correctum
2175 3549 2223 3589 et

1194 3632 1430 3673 mutatum
1459 3631 1558 3684 est,
1585 3640 1678 3690 per
1711 3622 1796 3674 lib.
1820 3616 1852 3673 5
1871 3661 1884 3686 ,
1923 3635 2011 3678 etc.
