2612 4146
2063 215 2188 275 109²·-

438 248 563 285 CAP.
608 246 668 283 11.
717 246 785 283 ΒΕ
828 242 1074 283 ommuni
1117 240 1348 281 NUMERO
1390 241 1457 278 ΕΤ
1501 238 1821 277 DIGMTATE.

78 408 208 468 tur,
253 402 320 449 ut
362 410 430 449 eo
460 387 775 447 accuratius
812 388 874 445 in
910 406 1263 468 unoquoque
1298 405 1543 443 munere
1564 387 1735 461 juxta
1771 381 2178 464 praescriptum

76 487 342 572 Episcopi
366 507 426 546 se
453 494 777 545 exerceant.
813 482 1186 542 Postmodum
1209 482 1432 541 veroin
1460 481 1667 540 eadem
1690 501 1826 538 sess‚
1857 499 1983 562 cap.
2021 480 2180 538 XVII

78 583 333 643 decrevit
352 627 369 654 .,
403 591 469 639 ut
495 590 824 638 sanctorum
847 577 1133 636 Ordinum
1162 598 1194 634 a
1217 576 1534 635 Diaconatu
1562 575 1638 633 ad
1671 574 2029 633 ostiariatum
2053 573 2181 632 fun-

79 680 295 738 ctiones
317 674 389 734 ab
407 672 815 754 Apostolorum
838 669 1194 753 temporibus
1210 671 1271 727 in
1295 669 1540 727 Ecclesia
1555 667 1922 728 laudabiliter
1934 679 2184 751 receptae

81 784 140 831 et
177 769 438 853 pluribus
470 770 530 826 in
559 767 694 826 locis
728 766 1083 848 aliquamdiu
1117 764 1460 822 intermissae
1487 764 1549 821 in
1579 786 1748 822 usum
1792 766 1957 842 juxta
1991 785 2180 823 sacros

76 858 323 926 canones
371 875 758 936 revocentur,
805 872 984 941 utque
1023 860 1086 917 in
1131 868 1430 938 posterum
1469 857 1804 935 hujusmodi
1856 859 2180 918 ministeria

77 962 309 1020 nonnisi
331 981 436 1041 per
460 959 799 1017 constitutos
828 956 888 1013 in
909 953 1073 1012 dictis
1097 951 1414 1011 Ordinibus
1440 964 1846 1026 exerceantur3
1876 954 1963 1011 uti
1992 954 2183 1035 reipsa

75 1055 339 1137 pluribus
377 1055 438 1112 in
466 1053 602 1112 locis
630 1049 912 1128 ejusmodi
935 1047 1236 1129 disciplina
1274 1046 1433 1126 viget
1453 1091 1469 1120 ,
1505 1047 1618 1125 nisi
1655 1048 1963 1106 necessitas
1994 1071 2184 1130 quan-

79 1152 267 1232 doque
292 1150 478 1228 exigat
498 1193 514 1222 7
543 1158 611 1204 ut
638 1145 710 1203 ab
740 1143 863 1202 aliis
892 1165 1066 1225 quam
1092 1165 1122 1201 a
1147 1142 1364 1201 clericis
1386 1142 1507 1200 haec
1532 1143 1852 1201 ministeria
1879 1164 2183 1202 exercean-

76 1257 171 1303 tur
198 1244 304 1325 (1).
342 1246 493 1317 Dum
512 1242 582 1320 9)
607 1239 1020 1298 exorcistarum
1053 1238 1329 1319 potestati
1369 1237 1570 1295 tribuit
1608 1236 1866 1297 defectus
1890 1283 1906 1312 a
1944 1238 2040 1318 qui
2085 1248 2186 1296 aut

78 1340 150 1398 ab
196 1340 424 1396 infirma
456 1336 715 1416 ipsorum
754 1333 846 1393 vel
885 1354 1409 1412 energumenorum
1450 1332 1564 1391 fide
1606 1343 1840 1390 tantum
1890 1333 2179 1390 oriuntur.

77 1436 238 1514 Saepe
281 1432 440 1490 enim
472 1442 600 1487 tum
637 1428 888 1509 antiquis
928 1439 1057 1486 tum
1079 1427 1495 1486 recentioribus
1530 1426 1890 1508 temporibus
1935 1427 2183 1486 exorcis-

76 1540 268 1586 tarum
297 1526 540 1607 imperio
569 1524 864 1583 daemones
902 1524 1133 1582 cessisse
1154 1568 1169 1596 7
1205 1523 1527 1581 innumeris
1556 1544 1738 1604 prope
1769 1521 2049 1604 exemplis
2080 1543 2175 1580 os·

79 1622 267 1683 tendit
309 1621 623 1680 Martenius
658 1620 766 1700 (2).

155 1718 254 1776 76.
304 1715 392 1775 Ad
425 1717 534 1791 6¹¹¹,
577 1718 735 1776 Dist.
771 1715 892 1772 Hoc
925 1714 1223 1792 agnovisse
1252 1714 1374 1771 visa
1411 1724 1499 1771 est
1533 1712 1895 1771 Pistoriensis
1924 1712 2182 1793 synodus

81 1812 382 1872 temerario
414 1832 478 1869 ac
505 1810 782 1869 haeretico
825 1810 1032 1889 spiritu
1071 1807 1243 1866 ducta
1266 1854 1281 1881 ,
1319 1829 1509 1875 conc.‚·
1545 1806 1867 1882 catholico„a
1908 1831 2038 1888 neq.
2081 1808 2185 1866 Illa

79 1918 384 1989 propterea
421 1905 734 1986 propositio
769 1926 799 1962 a
834 1905 933 1962 Pio
972 1904 1042 1961 VI
1067 1949 1082 1977 .,
1121 1904 1182 1960 in
1225 1903 1465 1961 Constit.
1502 1905 1819 1961 Auctorem
1847 1905 2017 1981 fidei,
2046 1925 2186 1984 pro—

79 2003 289 2082 scripta
330 2000 439 2057 fuit
484 2011 762 2079 tanquam
798 2002 1084 2077 suyyestio
1121 2002 1482 2068 temeraria,
1514 2001 1775 2076 piarum
1816 2001 2072 2055 aurium
2106 2000 2188 2076 of-

73 2099 335 2174 sensim,
369 2095 744 2153 ecclesiastici
775 2096 1105 2151 ministerii
1120 2093 1548 2171 perturbativa
1563 2136 1584 2163 ,
1623 2093 1930 2150 servandae
1950 2139 1966 2160 ,
1990 2093 2194 2171 quoad

46 2220 48 2222 v
77 2192 216 2269 fieri
230 2200 450 2268 potest,
480 2194 548 2247 in
588 2189 957 2246 celebrandis
987 2191 1287 2266 mysterii-s
1325 2188 1602 2244 decentiae
1634 2192 2027 2245 imminutio-a
2049 2229 2071 2256 ,
2117 2191 2188 2244 in

79 2288 387 2343 minorum
422 2285 707 2341 ordinum
738 2303 994 2340 munera
1027 2292 1082 2339 et
1112 2284 1487 2360 functiones,
1528 2292 1659 2339 tum
1688 2286 1757 2339 in
1794 2283 2188 2361 disciplinam

69 2401 187 2458 per
209 2400 460 2437 canones
475 2423 491 2451 ‚
517 2389 573 2436 et
592 2383 900 2457 speciatim
920 2397 1038 2456 per
1063 2376 1493 2435 Tridentinum
1511 2377 1836 2455 probatam
1859 2380 2189 2454 injuriosa,

75 2477 285 2551 favens
318 2474 728 2531 haereticorum
764 2478 831 2534 in
865 2494 994 2531 eam
1028 2475 1313 2530 conviciis
1342 2482 1397 2529 et
1431 2473 1783 2529 calumniis.

149 2732 216 2794 (1)
235 2731 329 2779 Nec
347 2733 472 2779 enim
490 2730 800 2778 omittendum
820 2739 915 2789 est,
936 2732 985 2777 in
998 2729 1085 2778 Ec·
1114 2736 1117 2739 ’

83 2813 228 2862 clesiis
247 2850 260 2874 ‚
292 2830 392 2879 quae
414 2816 463 2860 in
488 2814 666 2877 oppidis
691 2829 743 2861 ac
761 2813 930 2861 villulis
958 2829 1086 2877 repe-

1170 2728 1416 2776 conductoe
1437 2745 1458 2789 ,·
1487 2720 1621 2775 nulla
1650 2736 1716 2776 esc
1743 2728 1927 2775 lectoris
1954 2729 2142 2792 functio
2165 2765 2182 2791 ,

1172 2809 1335 2858 nullus
1370 2812 1713 2859 exorcistarum
1736 2811 1788 2857 in
1804 2809 2022 2859 Ecclesia
2047 2828 2184 2861 vesu-5.

84 2899 265 2965 riuntur
279 2933 292 2955 ,
312 2913 479 2961 paucos
506 2895 757 2944 admodum
775 2932 787 2955 ‚
806 2895 1087 2961 quandoque

86 2995 190 3027 vero
228 2978 382 3027 nullos
423 2978 609 3027 clericos
642 2979 871 3041 inveniri3
913 2994 1005 3043 quo
1037 2978 1089 3025 fit

87 3067 139 3105 ut
164 3057 310 3108 officia
329 3097 342 3119 ‚
377 3075 478 3125 quae
510 3069 661 3108 essent
689 3059 957 3107 clericorum
985 3074 1088 3123 pro-

87 3140 198 3202 pria,
209 3139 332 3188 laicis
348 3141 695 3190 demandentur.
707 3139 924 3189 Ceterum
938 3143 1090 3189 minus

89 3229 219 3268 caute
255 3225 408 3271 recens
453 3223 640 3288 quidam
688 3233 844 3270 auctor
882 3221 1090 3270 absolute

90 3304 362 3364 pronunciat
380 3320 394 3351 ε
414 3303 582 3351 Hodie
592 3303 651 3351 ab
665 3303 887 3351 omnibus
901 3303 1090 3368 quidem

91 3384 422 3447 suscipiuntur
469 3384 679 3433 Ordines
721 3384 798 3432 illi
812 3402 833 3444 ‚·
879 3385 961 3432 sed
1006 3386 1090 3432 vise

77 3479 306 3528 amquam
336 3465 396 3512 ab
422 3466 519 3527 iic,
560 3469 646 3531 qui
674 3482 750 3514 eos
783 3468 1085 3531 suscipiunt,

89 3554 381 3594 exercentur.
416 3545 567 3595 Nemo
571 3550 682 3612 jam
703 3549 895 3595 ostiarii
924 3547 1090 3613 officiis

83 3625 310 3690 sunqitur
349 3627 450 3675 nisi
487 3627 604 3675 viles
637 3645 856 3693 personoe
883 3629 1092 3678 mercede

1173 2892 1400 2958 Acolythi
1426 2894 1614 2959 functio
1640 2903 1798 2942 inanet
1828 2895 2018 2959 quidem
2049 2911 2070 2954 ;
2105 2894 2187 2941 sed

1173 2991 1277 3023 eam
1308 2985 1523 3024 exercent
1547 2975 1663 3024 laici
1700 2985 1786 3025 aut
1810 2975 2052 3042 simplices
2093 2974 2188 3023 cle-

1173 3059 1285 3125 rici,
1304 3068 1392 3107 etc.
1410 3057 1521 3123 Quae
1539 3059 1726 3124 quidem
1739 3061 1987 3107 universim
2006 3065 2188 3121 sumpta

1173 3149 1283 3187 sunt
1315 3140 1450 3188 falsa.
1489 3139 1794 3189 Conseruntur
1825 3142 1920 3188 haec
1954 3156 2060 3187 cum
2097 3140 2184 3197 iis,

1169 3239 1275 3286 quae
1299 3239 1353 3269 ex
1372 3221 1562 3270 Calvino
1588 3223 1824 3270 attulimus
1858 3231 1903 3269 et
1928 3237 1978 3268 ex
2011 3219 2186 3284 synodo

1174 3303 1457 3352 Pistoriensi.
1486 3303 1573 3352 Hic
1602 3307 1698 3370 ipse
1727 3303 1955 3362 affirmat,
1980 3302 2189 3349 minores

1173 3382 1366 3432 ordines
1387 3386 1444 3432 in
1457 3388 1606 3433 veteri
1624 3384 1844 3432 Ecclesia
1860 3385 2016 3448 maqie
2035 3383 2189 3448 officia

1168 3464 1322 3528 fuisse
1345 3483 1491 3531 quam
1526 3466 1754 3515 Ordines.

1238 3548 1307 3615 (2)
1341 3548 1413 3598 De
1431 3550 1603 3613 Antiq.
1634 3547 1821 3599 Ecclee.
1855 3549 1988 3598 ritib.
2001 3538 2093 3599 lib.
2112 3565 2184 3609 m,

1172 3648 1272 3697 cap.
1309 3649 1364 3698 9.
