2508 4120
2116 129 2232 187 251

563 154 681 195 CAP.
729 159 792 193 11.
842 158 909 193 DE
953 153 1287 194 MATRIMONH
1332 151 1815 192 PROPRIETATIBUS.‘

145 323 268 362 mos
308 310 491 372 stare3
533 320 651 357 non
685 298 840 357 enim
872 318 1115 357 numero
1141 296 1405 355 homines
1425 294 1760 374 judicantur
1780 338 1796 368 7
1825 291 1926 352 sed
1953 290 2230 373 pondere.

144 397 212 454 4⁰
266 397 345 453 Ex
385 394 547 452 dictis
590 404 862 474 praeterea
900 404 957 451 et
995 390 1140 449 illud
1178 389 1495 469 colligitur,
1553 410 1728 469 quare
1769 386 1929 446 nulla
1973 384 2240 468 exempla-

143 488 461 548 solutorum
482 487 762 564 ejusmodi
795 486 1185 564 conjugiorum
1219 484 1507 542 anteriora
1534 481 1726 541 seculo
1761 480 2080 541 EcclesiaeX
2098 502 2239 562 pro-

141 584 279 644 ferri
310 584 535 664 possint
560 584 671 661 (1).
705 583 868 659 Ergo.

226 679 323 736 92.
367 679 537 756 Resp.
566 676 716 755 Ney.
747 676 908 733 subs,
938 672 1024 732 Ad
1053 673 1131 730 11¹¹
1151 668 1316 751 prob.
1350 671 1504 727 Dz'st.
1544 669 1686 741 Quia
1711 668 1870 727 nulla
1901 669 1981 727 eis
2009 690 2068 728 se
2091 690 2237 749 prae-

142 771 270 839 buit
305 771 520 829 occasio
562 769 634 828 de
671 770 778 827 hac
807 767 1124 848 quaestione
1165 763 1488 836 scribendi,
1528 775 1718 824 tram.
1755 763 1851 822 vel
1883 785 2072 832 eonc.,·
2106 764 2239 845 quia

142 867 280 945 ipsis
319 864 391 923 de
427 863 535 921 hoc
576 862 875 943 privilegio
911 882 1028 918 non
1070 859 1365 930 constitit.
1405 879 1530 937 neq.
1572 860 1699 916 Duo
1741 857 1863 917 haec
1910 859 2240 938 permisceri

141 960 298 1018 inter
323 979 381 1017 se
405 955 509 1016 nec
534 968 779 1037 possunt
801 978 908 1015 nec
932 953 1149 1014 debent
1171 998 1185 1027 a
1214 964 1281 1011 ut
1305 974 1373 1011 ex
1400 951 1662 1033 pluribus
1693 951 1818 1010 aliis
1841 954 2240 1012 controversiis

146 1055 324 1113 etiam
365 1052 697 1132 dogmaticis
726 1051 971 1132 planum
999 1051 1082 1107 fit.
1125 1049 1467 1108 Posteriores
1509 1068 1648 1108 vero
1676 1046 1748 1106 de
1787 1068 1851 1107 ea
1883 1047 2201 1129 loquuntur
2220 1092 2237 1121 .,

147 1159 322 1229 atque
342 1193 357 1222 ‚
384 1159 462 1205 ut
489 1147 742 1207 vidimus
762 1190 778 1218 7
818 1143 984 1206 nobis
1012 1143 1417 1222 suffragantur.

227 1243 324 1301 93.
373 1242 462 1301 Ad
485 1242 569 1298 211¹
590 1286 605 1315 ,
635 1240 784 1319 Neq.
815 1240 1066 1297 Tantum
1095 1237 1252 1296 enim
1282 1235 1475 1310 abest,
1510 1247 1576 1295 ut
1603 1238 1660 1295 S.
1704 1236 2053 1316 Augustinus
2089 1256 2244 1318 quae·

146 1337 393 1394 stionem
427 1336 578 1393 hanc
602 1335 933 1393 universam
957 1330 1300 1412 expenderit
1318 1375 1334 1404 .,
1359 1343 1426 1388 ut
1447 1352 1522 1390 ne
1538 1331 1782 1409 attingat
1811 1329 2074 1410 quidem3
2108 1341 2248 1388 tan--

142 1441 266 1487 tum
292 1429 473 1505 abest,
494 1440 559 1486 ut
582 1429 858 1486 doctrinae
880 1438 1090 1484 nostrae
1113 1424 1451 1484 adversetur
1472 1470 1487 1498 ,
1515 1436 1581 1482 ut
1604 1446 1678 1483 ne
1695 1425 1949 1503 examini
1982 1423 2243 1502 subjiciat

142 1523 378 1603 quidem
431 1544 625 1581 casum
661 1521 818 1578 hunc
849 1530 1152 1591 nostrum,
1193 1530 1257 1575 ut
1293 1518 1479 1597 quivis
1514 1518 1654 1576 duos
1686 1517 1865 1575 libros
1903 1516 1977 1576 ad
2017 1517 2240 1577 Pollen-

142 1618 290 1676 tium
324 1617 681 1700 perlustrans
724 1614 887 1673 facile
928 1613 1036 1672 sibi
1067 1610 1412 1694 persuadere
1451 1612 1666 1699 poterit
1699 1611 1808 1692 (2).
1853 1612 2004 1671 Hinc
2029 1611 2243 1671 mirum

214 1823 284 1883 (1)
318 1820 383 1868 lta
402 1821 492 1869 loc.
519 1822 597 1868 cit.
626 1818 868 1867 Gervasius
891 1853 903 1874 ‚
933 1819 1013 1882 qui
1042 1831 1155 1880 prae-

145 1913 264 1951 terea
291 1903 490 1967 insurgit
519 1901 729 1948 adversus
746 1898 849 1946 Van
880 1898 1154 1962 Espenium,

147 2002 200 2033 eo
230 1984 353 2049 quod
385 1986 434 2031 in
454 1983 628 2047 analysi
659 1981 853 2028 Decreei
881 1979 1158 2028 Gratianoei

146 2066 428 2114 confidenter
446 2066 703 2120 asseruerit,
719 2072 985 2126 praesentem
1002 2061 1158 2109 Eccle-

148 2149 224 2193 siae
249 2145 537 2210 disciplinam
560 2182 573 2205 ,
603 2144 880 2192 dissolvendi
920 2142 1157 2191 Matrimo-

75 2235 80 2237 ”
145 2231 278 2275 nium
303 2228 645 2294 neophytorum
666 2262 680 2284 ‚
698 2226 933 2272 fundatam
951 2242 1047 2272 esse
1076 2242 1155 2271 su-

146 2327 226 2373 per
247 2309 392 2356 claros
425 2318 574 2356 textus
606 2307 652 2355 S.
682 2307 924 2370 Augustini
949 2324 1001 2354 ex
1023 2304 1155 2353 libris

148 2387 220 2437 De
246 2389 531 2436 adulterinis
561 2390 816 2453 conjuyiis.

216 2470 354 2532 (2)1n
374 2471 445 2516 his
463 2470 789 2517 assertionibus
810 2466 1008 2515 Gervasii
1024 2469 1155 2531 plura

155 2563 260 2599 sunt
294 2569 526 2616 perperam
546 2552 666 2598 dicta
693 2567 707 2612 3
734 2550 962 2614 siquidem
1001 2558 1048 2595 1⁰
1070 2551 1156 2598 fal-

154 2652 256 2682 sum
291 2646 356 2683 est
375 2671 389 2694 ‚
432 2635 551 2681 hanc
575 2636 875 2697 quaestionem
892 2617 1022 2680 'inter
1046 2633 1156 2682 alias

155 2717 291 2763 fuisse
334 2734 359 2763 a
390 2715 613 2763 Pollentio
653 2716 928 2779 propositam
963 2712 1015 2761 S.
1063 2716 1154 2762 Au-

155 2799 336 2859 gustino
357 2814 370 2859 3
401 2804 450 2843 2⁰
484 2796 651 2843 falsum
685 2797 851 2859 pariter
872 2805 937 2842 est
962 2831 974 2854 ‚
991 2793 1041 2843 S.
1059 2793 1154 2842 Au-

157 2881 389 2942 gustinum
419 2880 609 2944 agitasse
643 2880 692 2923 in
745 2878 815 2924 his
861 2876 989 2924 libris
1030 2892 1155 2941 quae-

158 2961 351 3007 ationem
407 2960 463 3007 de
519 2959 741 3024 conjugiis
785 2959 835 3005 in
883 2957 1153 3007 infidelitate

161 3042 398 3087 contractis
432 3075 447 3099 ‚
494 3050 541 3088 et
586 3038 643 3087 de
686 3057 792 3087 casu
847 3042 1152 3088 conversionis

160 3119 415 3168 alterutrius
464 3123 670 3186 conjugis
701 3156 714 3177 ‚
762 3130 980 3168 renuente
1013 3121 1152 3169 altero

159 3201 345 3262 pacifice
381 3203 531 3262 vivere
560 3212 603 3249 et
633 3203 731 3248 sine
765 3203 932 3265 injuria
968 3201 1155 3250 Creato-

160 3284 220 3327 ris
245 3298 350 3328 cum
382 3298 598 3330 converso
624 3282 680 3329 ad
707 3280 967 3329 christinam
983 3283 1154 3344 religio·

161 3379 288 3410 nem.
321 3361 471 3426 Agitat
500 3364 636 3426 igitur
670 3361 715 3409 S.
750 3361 918 3410 Doctor
949 3365 998 3410 in
1032 3364 1152 3412 libro

161 3446 296 3507 priori
333 3444 444 3490 duas
485 3447 749 3507 quaestioues
795 3462 989 3509 quarum
1018 3444 1158 3493 altera

159 3534 227 3571 est
280 3527 395 3572 circa
438 3523 553 3572 illud
588 3538 606 3572 1
649 3526 706 3573 ad
738 3526 841 3573 Cor.
890 3543 993 3589 vn,
1043 3544 1100 3576 10
1146 3545 1160 3576 ε

163 3604 297 3666 His,
338 3608 424 3669 qui
473 3606 790 3654 Matrimonio
813 3610 984 3672 juncti
1021 3618 1162 3670 sunt,

1235 1816 1469 1880 prcecipio
1487 1831 1583 1863 non
1603 1831 1683 1879 eqo
1700 1851 1716 1878 ‚
1745 1814 1828 1863 sed
1845 1801 2084 1864 Dona-inus
2099 1852 2113 1877 ‚
2134 1832 2246 1863 uxo·

1242 1913 1342 1943 rem
1383 1913 1413 1942 a
1447 1899 1550 1943 viro
1595 1913 1695 1943 ‘non
1735 1896 1971 1944 discedere
1993 1915 2014 1957 ,-
2047 1896 2172 1962 quod
2199 1899 2247 1944 si

1241 1977 1533 2037 discesserit,
1568 1994 1763 2024 manere
1796 1979 2052 2043 innuptam
2080 2014 2093 2037 ‚
2141 1987 2234 2027 etc.

1242 2059 1363 2126 quod
1393 2060 1675 2107 dominicum
1703 2069 1974 2123 praeceptum
1996 2058 2250 2107 Pollentina

1243 2141 1431 2205 putabat
1463 2143 1691 2205 pertinere
1720 2141 1776 2188 a'd
1813 2141 2027 2188 mulieres
2067 2158 2092 2187 a
2134 2142 2247 2188 viris

1241 2223 1500 2271 recedentes
1519 2232 1682 2286 praeter
1711 2221 2020 2269 fornicationis
2039 2237 2243 2282 causam,

1241 2306 1403 2369 hisque
1428 2304 1534 2351 solis
1564 2307 1752 2352 vetitum
1771 2322 1865 2352 esse
1889 2304 2014 2352 alteri
2043 2308 2139 2353 viro
2155 2322 2245 2353 nu-

1239 2387 1349 2434 bere
1368 2402 1381 2444 ;
1403 2396 1558 2433 contra
1575 2402 1681 2432 vero
1698 2382 1744 2447 S.
1773 2386 2060 2451 Augustinus
2089 2386 2147 2434 ad
2172 2403 2245 2435 eas

1241 2476 1423 2515 tantum
1454 2477 1651 2530 spectare
1672 2468 1910 2514 contendit
1928 2502 1943 2529 ,
1962 2483 2066 2533 quae
2088 2484 2113 2515 a
2133 2470 2246 2517 viris

1250 2549 1704 2595 fornicationiscausa
1724 2551 1995 2596 recesserint
2017 2585 2030 2607 ‚
2082 2559 2234 2615 atque

1242 2641 1403 2695 praeter
1433 2630 1553 2678 hanc
1582 2627 1772 2677 unicam
1806 2646 1991 2677 causam
2031 2630 2245 2680 recedere

1243 2713 1426 2775 (nempe
1443 2711 1596 2776 quoad
1613 2711 1795 2775 thorum
1813 2720 1858 2759 et
1879 2711 2244 2774 habitationem),

1240 2795 1307 2841 sas
1335 2795 1527 2842 omnino
1557 2810 1651 2840 non
1696 2809 1806 2843 esse.
1844 2792 1996 2842 Altera
2035 2796 2244 2859 quaestio,

1238 2893 1337 2941 quae
1357 2877 1408 2924 in
1432 2876 1521 2923 hoc
1537 2877 1673 2940 priori
1698 2875 1816 2923 libro
1842 2875 2085 2923 discutitur
2100 2912 2114 2938 ‚
2150 2893 2248 2925 ver-

1236 2967 1360 3004 satur
1404 2959 1521 3005 circa
1563 2957 1678 3005 illud
1735 2957 1937 3022 Apostoli
1975 2957 2092 3006 ibid.
2138 2974 2152 3005 ι
2189 2957 2246 3005 ad

1236 3037 1345 3086 Cor.
1382 3054 1471 3097 vn,
1509 3053 1565 3085 12
1601 3055 1613 3086 ε
1653 3036 1833 3085 Ceteris
1863 3055 1943 3102 eqo
1971 3037 2110 3096 dico,
2152 3052 2249 3084 non

1224 3117 1497 3179 'Dominam
1531 3121 1702 3184 siquis
1722 3121 1875 3184 frater
1902 3134 2095 3167 uxorem
2116 3116 2254 3164 babet

1235 3201 1504 3264 infidelem,
1550 3211 1592 3248 et
1636 3202 1734 3249 hoec
1767 3205 2000 3248 consentit
2037 3198 2251 3246 habitare

1234 3299 1341 3330 cum
1361 3283 1455 3343 illo,
1471 3299 1568 3330 oto-n
1589 3283 1800 3330 dimittat
1819 3281 1950 3328 illam
1968 3315 1984 3341 ‚
2010 3280 2134 3346 quod
2150 3296 2251 3327 mo-

1239 3364 1393 3412 nendo
1439 3365 1614 3413 dictum
1651 3365 1709 3411 ab
1739 3363 1953 3427 Apostolo
1988 3363 2119 3410 docet
2146 3363 2245 3413 Au-

1242 3450 1478 3511 gustinus,
1518 3449 1578 3494 ita
1607 3455 1657 3493 ut
1694 3443 1850 3492 fideles
1883 3446 2010 3508 justa
2046 3441 2248 3508 Apostoli

1245 3529 1487 3583 consilium
1534 3529 1583 3574 in
1618 3525 1933 3591 relinquendis
1979 3524 2253 3591 conjugibus

1249 3607 1517 3658 infidelibus
1551 3609 1660 3656 data
1697 3607 1879 3656 licentia
1910 3625 2007 3656 non
2039 3615 2252 3654 utantur.
