2612 4146
2106 213 2185 272 95

422 242 545 280 CAP.
591 241 658 278 11.
703 243 773 279 DE
817 239 1071 279 ott-mmm
1115 239 1350 278 mmmm
1391 239 1458 276 BT
1501 235 1829 276 mGM'rATE.

82 385 252 445 stiani
278 384 401 443 veri
421 382 675 441 nominis
694 381 1026 441 Sacerdotio
1055 382 1329 440 fruuntur
1348 425 1365 454 7
1390 381 1589 462 inepta
1617 399 1756 439 sane
1778 387 1867 436 est
1883 375 2147 459 Episcopi
2165 422 2182 451 7

80 479 315 540 Diaconi
335 524 351 551 7
388 477 617 537 lectoris
637 522 653 552 7
687 475 1014 556 Presbyteri
1036 487 1094 536 et
1122 475 1251 534 laici
1273 474 1623 534 differentia.
1663 473 1731 533 In
1755 471 1905 531 libro
1932 471 2185 555 denique

78 576 147 633 de
174 576 557 655 Monoyamm
582 571 707 631 haec
731 571 803 631 de
822 570 978 630 laicis
1001 569 1334 630 hominibus
1354 568 1534 629 habet
1569 591 1583 627 :
1625 569 1825 649 Quum
1847 571 2190 627 extollimur

78 682 134 728 et
169 671 466 747 inflamur
496 670 780 727 adversus
813 670 1074 736 elerum,
1117 676 1264 723 tun-e
1293 686 1489 723 unum
1528 685 1728 723 omnes
1758 685 2006 736 sumus,
2040 675 2186 724 tune

78 786 276 824 omnes
302 765 663 833 Sacerdotes,
690 768 838 842 quia
859 761 1192 821 Sacerdotes
1214 781 1320 818 nos
1346 761 1474 819 Deo
1504 769 1561 817 et
1588 760 1777 818 Patri
1789 763 1969 838 [ἐσίω
1993 782 2185 839 quum

77 862 162 919 ad
173 864 678 941 peraequationem
711 860 1045 937 discuplinoe
1069 855 1452 914 sacerdotalis
1467 874 1900 932 provocamur,
1927 856 2185 935 deponi-

77 976 213 1014 mus
246 957 476 1034 infulas
499 965 558 1012 et
579 958 845 1033 ‘conpares
873 972 1086 1010 sumus
1122 950 1243 1029 (l),
1269 948 1327 1007 id
1363 959 1484 1018 est7
1512 946 1653 1008 alios
1675 947 1885 1023 laicos7
1919 949 2059 1009 alios
2090 952 2188 1011 Sa-

76 1052 335 1109 cerdotes
366 1070 489 1109 esse
515 1048 710 1131 palam
737 1048 1108 1106 confitemur.
1147 1046 1233 1103 De
1258 1042 1587 1103 Sacerdotio
1621 1042 1821 1125 itaque
1855 1044 2089 1104 interno
2118 1067 2183 1106 ac

74 1146 394 1227 improprie
435 1145 588 1203 dicto
630 1141 979 1201 Tertulliani
1020 1139 1310 1200 sententia
1342 1139 1406 1197 in
1440 1139 1535 1198 cit.
1577 1138 1684 1198 loc.
1726 1140 1940 1220 exponi
1987 1139 2181 1201 debet.

78 1240 212 1299 Ideo
259 1241 415 1300 enim
461 1238 671 1319 probat:
715 1236 888 1295 laicos
937 1235 1271 1294 Sacerdotes
1308 1255 1430 1293 esse
1453 1279 1468 1305 7
1525 1234 1659 1314 quia
1705 1234 1988 1314 scriptum
2034 1246 2124 1293 est
2168 1257 2182 1294 z

75 1336 351 1414 qunum
383 1353 611 1412 quoque
651 1353 757 1390 nos
788 1343 845 1390 et
870 1331 1206 1390 Sacerdotes
1240 1331 1362 1389 Deo
1400 1339 1457 1387 et
1491 1330 1679 1388 Patri
1709 1351 1814 1388 suo
1847 1333 2009 1409 fecit.
2049 1329 2186 1390 Tale

72 1430 245 1509 igitur
263 1427 658 1487 Sacerdotium
683 1426 945 1504 designat
964 1470 980 1500 7
1021 1423 1190 1507 quale
1218 1423 1484 1503 designat
1503 1446 1769 1505 regnum.
1805 1426 1979 1506 Atqui
2009 1446 2185 1484 nemo

73 1524 259 1597 dicet7
299 1522 725 1583 Tertullianum
762 1522 1107 1581 concessisse
1141 1519 1484 1579 Christianis
1531 1518 1803 1579 omnibus
1840 1541 2048 1579 verum
2097 1541 2188 1580 re-

69 1641 246 1699 gnum
267 1644 283 1692 ς
314 1640 449 1698 ergo
473 1640 580 1678 nec
602 1617 1015 1678 Sacerdotium.
1041 1616 1155 1676 Sed
1174 1620 1300 1694 jam
1330 1614 1546 1675 directe
1574 1614 1650 1673 ad
1671 1615 1927 1696 singulas
1949 1614 2185 1675 adducti

69 1715 386 1774 testimonii
412 1725 627 1796 partes.

151 1810 251 1869 47.
306 1811 524 1871 Nonne
562 1820 616 1868 et
668 1811 816 1869 laici
852 1809 1191 1869 Sacerdotes
1249 1806 1509 1867 sumus?
1554 1807 1713 1867 Dz’st.
1768 1804 1913 1866 Lato
1960 1829 2135 1867 sensu
2165 1854 2181 1883 7
2221 1826 2227 1830 ’

66 1910 231 1983 juxta
271 1905 422 1965 dicta
445 1951 460 1980 7
490 1927 675 1974 eone.,·
705 1906 903 1964 stricto
928 1926 1100 1963 sensu
1129 1925 1228 1962 seu
1259 1903 1494 1985 proprie
1512 1948 1527 1977 7
1553 1924 1681 1982 neq.

156 1999 253 2060 48.
301 2002 722 2080 Dzfferentiam
749 2003 907 2058 inter
936 2000 1226 2058 Ordinem
1254 2009 1309 2056 et
1318 1999 1551 2077 plebem
1573 2002 1885 2056 constituit
1903 1999 2186 2057 Ecclesz'oe

75 2100 420 2154 auotoritas.
477 2097 632 2155 Dist.
673 2095 1076 2154 Differentiam
1125 2104 1430 2153 externam
1452 2137 1468 2167 7
1509 2091 1695 2174 qualis
1737 2092 1924 2153 oritur
1946 2137 1962 2168 7
2012 2105 2187 2175 prout

73 2191 196 2272 ipse
218 2188 361 2248 ibid.
395 2188 617 2265 subdit7
634 2211 751 2269 per
774 2190 1029 2248 Ordinis
1050 2209 1382 2247 consessum
1396 2230 1418 2261 ,
1436 2208 1627 2253 cone.‚·
1653 2187 1951 2247 internam
1973 2198 2031 2247 et
2045 2210 2185 2271 ‘pro-

74 2286 198 2366 prie
224 2284 437 2345 dictam
456 2332 473 2361 7
507 2307 635 2366 wey.
673 2284 784 2366 (2).

159 2379 255 2439 49.
308 2381 429 2440 Ubi
461 2382 717 2441 Ordinis
753 2402 873 2439 non
909 2391 991 2439 est
1022 2398 1320 2439 consessus
1361 2389 1416 2437 et
1444 2379 1632 2458 offers.
1671 2379 1829 2438 Dist.
1874 2379 2046 2437 Domi
2069 2380 2187 2438 Eu-

80 2471 409 2534 charistiam
445 2480 572 2554 jam
626 2486 1019 2535 consecratam
1042 2520 1058 2548 7
1116 2484 1292 2556 prout
1337 2472 1645 2554 disciplina
1694 2472 1847 2531 illius
1904 2475 2185 2555 temporis

78 2566 336 2643 ferebat7
378 2590 580 2636 cona:
604 2569 833 2629 conficis
853 2614 881 2644 ,,
903 2591 1032 2648 neq.
1070 2568 1179 2647 (3).
1221 2568 1311 2628 Sic
1346 2568 1527 2628 etiam
1562 2589 1577 2626 :
1614 2567 1701 2627 Et
1721 2572 1973 2647 anquis.
2020 2569 2179 2628 Dz‘st.

146 2815 210 2878 (1)
247 2814 363 2880 Cap.
401 2831 476 2864 12.

146 2896 209 2959 (2)
246 2894 717 2945 Animadvertendum
740 2895 818 2944 hic
837 2906 903 2943 est
919 2932 932 2955 ,
951 2895 1085 2944 diffe-

79 2980 269 3026 rentiam
298 2979 415 3027 inter
436 2977 659 3046 Ordinem
688 2987 733 3026 et
747 2977 931 3042 plebem
947 2978 1086 3026 aliam

60 3057 319 3107 'internam
361 3077 455 3108 esse
475 3096 489 3120 7
536 3057 670 3108 aliam
708 3067 970 3108 externam.
1006 3059 1085 3108 ln-

80 3148 209 3187 terna
238 3146 308 3190 est
332 3141 446 3203 illa,
479 3158 584 3207 quae
620 3144 766 3190 oritur
801 3158 859 3191 ex
899 3140 1087 3190 Ordinis

82 3220 338 3270 charactere
364 3223 385 3284 ς’
419 3233 606 3272 externa
646 3222 725 3271 illa
763 3233 860 3282 est,
891 3239 994 3289 quae
1037 3226 1086 3271 in

82 3303 230 3366 specie
253 3304 451 3368 quadam
494 3305 726 3369 dignitatis
766 3307 1007 3366 consistit,
1041 3307 1087 3353 vi

82 3386 215 3448 cujus
257 3384 435 3432 stabant
477 3386 589 3435 olim
634 3388 685 3435 in
737 3386 906 3452 templo
948 3386 1084 3447 laici,

82 3467 305 3516 sedebant
338 3466 548 3533 Episcopi
574 3479 620 3517 et
646 3469 928 3520 Sacerdotes.
958 3468 1087 3519 Prio-

51 3567 176 3605 =rem
227 3551 353 3598 illam
400 3551 561 3600 callide
605 3551 910 3602 Tertullianus
952 3553 1087 3602 dissi·

84 3634 261 3694 molat,
310 3641 363 3680 nt
404 3644 700 3699 assequatur,
730 3635 856 3700 quod
891 3637 1090 3686 maxime

83 3714 352 3775 contendit,
395 3724 532 3780 atque
573 3716 866 3779 posteriorem
907 3725 1091 3766 tantum

1168 2823 1518 2864 commemorat.
1547 2812 1618 2862 De
1636 2823 1823 2862 externa
1846 2825 2001 2864 autem
2017 2815 2185 2883 hujus-

1168 2896 1299 2943 modi
1314 2895 1575 2945 differentia
1603 2896 1731 2961 loqui
1749 2896 2085 2946 Tertullianum
2111 2901 2186 2963 ip-

1167 2980 1262 3026 sius
1291 2976 1429 3027 verba
1461 2977 1780 3027 demonstrant
1806 2996 1821 3027 2
1844 2977 1916 3027 Et
1931 2978 2082 3028 honor
2092 2996 2189 3045 per

1167 3060 1357 3125 ordinis
1397 3075 1669 3108 consessum
1705 3062 2060 3126 sanctificatus.
2094 3061 2186 3109 No-

1168 3143 1364 3192 tandum
1395 3153 1462 3191 est
1494 3145 1633 3192 etiam
1667 3146 1716 3191 in
1742 3144 1830 3194 hoc
1861 3144 1961 3194 loco
1990 3143 2182 3192 verbum

1169 3227 1420 3276 constituit
1452 3226 1573 3274 idem
1618 3226 1782 3284 valere,
1821 3237 1958 3294 atque
2000 3228 2151 3293 αἱροῖ
2169 3264 2183 3288 ,

1169 3309 1373 3372 requirit
1388 3345 1402 3368 7
1409 3307 1628 3375 postulat
1648 3325 1662 3372 3
1684 3326 1792 3358 cum
1811 3310 1958 3373 reipsa
1975 3307 2187 3360 Ecclesiae

1168 3390 1416 3438 auctoritas
1434 3390 1664 3455 postulat,
1685 3399 1733 3438 ut
1746 3388 1878 3451 *Ordo
1891 3408 1917 3439 a
1934 3389 2068 3454 plebe
2081 3393 2187 3457 jure

1169 3473 1327 3522 divino
1358 3483 1640 3521 secernatur.

1241 3555 1307 3619 (3)
1345 3555 1521 3604 Alludit
1568 3571 1736 3619 nempe
1776 3553 2089 3606 Tertullianus
2128 3558 2186 3606 sd

1171 3655 1307 3685 usum
1324 3673 1339 3697 7
1359 3638 1441 3702 qui
1469 3646 1580 3685 tunc
1600 3638 1819 3703 temporis
1846 3638 2120 3698 obtinebat,
2137 3647 2190 3685 ut

1173 3716 1450 3778 Christiani,
1476 3719 1558 3783 qui
1586 3719 1637 3766 in
1663 3721 1838 3786 cryptis
1857 3728 1904 3769 et
1931 3719 2188 3770 carceribus
