2612 4146
458 231 583 270 cu».
633 231 672 266 1.
718 230 787 266 mi
829 225 1103 268 vamum
1146 226 1392 266 saonam.
1441 225 1718 263 anasum
1759 222 1923 262 nnc'r.
2174 201 2248 259 61

219 375 322 432 22.
371 374 545 454 Resp.
596 371 665 428 20
711 368 1184 429 Benedictionem
1238 368 1410 447 longe
1460 365 1820 450 probabilius
1862 385 1984 424 non
2023 363 2253 425 afficere

136 470 323 548 ipsam
346 466 603 526 materiae
632 464 942 524 essentiam
966 508 982 538 ,
1014 475 1083 522 ut
1115 485 1187 523 ex
1210 462 1468 522 dicendis
1499 462 1756 544 patefiet.
1862 524 1867 529 ,

217 562 319 622 23.
370 561 458 621 Ad
486 562 606 636 ὂψ,
649 561 809 618 Dz'st.
851 560 973 618 Hoc
994 560 1440 618 Sacramentum
1477 579 1599 615 non
1635 556 1874 638 semper
1900 554 2135 626 morbos
2159 554 2256 614 de-

135 657 302 738 pellit
325 702 341 730 ,
374 676 564 721 comm
593 675 934 735 nunquam,
973 675 1101 733 neq.
1137 653 1322 724 Nam,
1359 672 1496 710 cum
1530 651 1786 732 corporis
1817 651 2031 710 sanitas
2067 650 2144 708 sit
2167 649 2256 709 ef-

137 753 319 812 fectus
349 750 775 810 conditionatus
816 770 883 809 ac
923 746 1332 820 secundarum,
1381 757 1523 804 tunc
1556 747 1748 806 solum
1786 747 2060 806 effectum
2094 745 2254 804 hunc

138 846 435 929 producit,
479 867 613 905 cum
643 846 797 904 Deus
824 844 1033 920 aqnimae
1061 841 1236 901 saluti
1257 841 1338 899 ita
1363 840 1636 921 expedire
1659 842 1826 901 novit
1853 844 1965 922 (1).

217 943 318 1000 24.
353 943 438 1002 Ad
468 943 583 1017 6¹¹¹,
614 943 772 1000 Dist.
805 940 934 997 Vim
958 937 1250 997 unctionis
1282 947 1578 1016 acceptam
1603 935 1717 1011 fert
1735 935 1987 997 Jacobus
2007 938 2256 998 orationi

139 1050 199 1096 et
226 1036 363 1096 fidei
385 1047 667 1117 tanquam
699 1033 896 1092 formae
921 1033 1097 1113 ipsius
1117 1031 1476 1090 Sacramenti
1497 1075 1513 1104 ‚
1539 1051 1700 1089 conc.
1720 1042 2043 1114 ,·tanquam
2079 1032 2255 1094 nudae

139 1132 386 1201 orationi
411 1177 427 1205 ,
467 1151 593 1209 neq.
632 1130 766 1186 Jam
798 1148 938 1186 vero
968 1147 1201 1207 semper
1222 1125 1333 1184 hoc
1362 1147 1536 1184 sensu
1561 1124 1740 1186 verba
1780 1126 2040 1207 Apostoli
2078 1129 2258 1189 intel-

138 1228 283 1287 lexit
296 1226 539 1286 Ecclesia
555 1269 570 1293 .,
588 1242 715 1305 quae
736 1221 811 1281 ab
833 1233 1004 1282 aetate
1025 1221 1341 1304 apostolica
1364 1243 1431 1281 ea
1452 1221 1512 1280 in
1537 1222 1768 1303 praxim
1790 1221 2056 1282 deduxit.
2076 1225 2256 1283 Porro

141 1323 262 1383 vim
303 1319 662 1379 Sacramenti
701 1317 900 1376 formae
940 1315 1197 1377 tribuere
1221 1362 1237 1389 ,
1276 1316 1521 1398 perinde
1557 1328 1646 1376 est
1683 1338 1749 1377 ac
1787 1339 2042 1378 asserere
2077 1319 2260 1378 ritum

136 1416 305 1476 illum
325 1459 342 1488 .,
378 1414 469 1473 cui
492 1413 719 1473 adnexa
754 1424 843 1472 est
861 1458 877 1488 .‚
903 1434 1011 1495 per
1044 1434 1108 1472 se
1137 1424 1196 1472 et
1221 1434 1294 1473 ex
1322 1433 1501 1495 opere
1530 1424 1769 1495 operato
1806 1413 2082 1474 effectum
2116 1436 2261 1497 pro-

133 1510 366 1570 ducere.
396 1508 533 1569 Ideo
558 1529 699 1570 vero
720 1507 933 1568 dicitur
959 1512 1150 1568 oratio
1168 1509 1319 1587 fidei
1331 1551 1353 1580 ,
1391 1509 1527 1591 quia
1544 1508 1727 1570 fidem
1753 1510 1969 1568 excitat
1990 1511 2055 1569 in
2087 1510 2262 1571 susci-

138 1606 374 1688 piente,
416 1626 664 1686 eamque
699 1615 982 1686 tanquam
1010 1605 1395 1663 necessariam
1431 1603 1875 1686 dispositionem
1911 1605 2121 1686 exigit,
2159 1616 2262 1665 aut

138 1702 316 1761 etiam
353 1695 489 1782 quia
517 1700 655 1759 fidei
689 1698 946 1758 Ecclesiae
985 1698 1261 1757 innititur
1281 1742 1297 1773 ,
1344 1710 1521 1781 atque
1566 1711 1632 1758 ut
1677 1699 1979 1759 nonnullis
2021 1700 2214 1783 placet
2241 1746 2259 1777 ,

139 1796 309 1877 quia,
342 1795 510 1853 initio
546 1793 754 1854 saltem
774 1839 791 1870 .,
833 1793 1005 1872 hujus
1035 1795 1394 1854 Sacramenti
1429 1794 1923 1856 administrationi
1963 1797 2262 1857 adnexum

139 1901 264 1950 erat
292 1890 517 1949 donum
545 1889 913 1948 curationum
936 1933 953 1963 ,
988 1890 1148 1971 quod
1174 1911 1208 1948 a
1238 1889 1354 1949 fide
1386 1890 1756 1970 potissimum
1784 1892 2008 1974 pendet
2031 1893 2144 1974 (2).

220 1984 321 2044 25.
368 1983 458 2044 Ad
491 1984 997 2044 confirmationem
1024 2005 1165 2043 vero
1197 1985 1444 2065 petitam
1474 2006 1546 2045 ex
1581 1987 1859 2046 orationis
1890 1985 2260 2047 commenda-

139 2082 299 2140 tione
316 2126 332 2155 ,
350 2102 527 2162 quam
546 2079 688 2139 ibid.
707 2082 770 2140 B.
787 2082 822 2139 J
825 2079 1036 2138 acobus
1053 2079 1250 2157 adJicit
1267 2126 1283 2156 ,
1301 2081 1626 2163 respondeo
1642 2127 1659 2156 .‚
1679 2082 2020 2164 Apostolum
2034 2105 2106 2144 ex
2127 2105 2259 2166 pec-

141 2186 402 2234 catorum
424 2196 490 2234 ac
512 2176 785 2234 orationis
806 2175 1107 2234 mentione
1123 2220 1139 2249 .,
1159 2196 1338 2256 quam
1363 2176 1664 2254 injecerat,
1682 2189 1922 2238 nactum
1944 2200 2067 2239 esse
2091 2187 2259 2240 occa-

141 2272 367 2329 sionem
408 2269 729 2329 disserendi
774 2269 848 2329 de
882 2269 1240 2329 confessione
1277 2281 1338 2329 et
1370 2272 1667 2347 oratione,
1707 2273 1785 2332 ad
1822 2295 1964 2355 quas
1993 2274 2262 2335 hortatur

140 2364 339 2424 fideles
356 2409 373 2439 ,
389 2376 456 2423 ut
472 2367 660 2424 Deum
674 2362 781 2423 sibi
800 2364 1123 2447 propitium
1140 2364 1414 2425 efficiant.
1435 2366 1595 2426 Nihil
1615 2389 1790 2448 porro
1807 2368 1933 2429 haec
1949 2391 2262 2433 commune

145 2457 368 2518 habent
391 2481 524 2518 cum
555 2461 963 2535 Sacramento7
988 2459 1061 2520 de
1089 2482 1210 2542 quo
1239 2460 1592 2521 disseruerat
1614 2463 1675 2522 in
1708 2476 1997 2524 commate
2027 2476 2262 2526 antece—

143 2550 309 2611 denti
342 2552 452 2632 (3).

142 2729 244 2778 *Deo
260 2730 599 2793 commendent,
618 2731 733 2780 dum
753 2734 795 2782 ei
815 2733 1158 2783 administratur
1245 2753 1384 2784 ncrus
1401 2737 1460 2785 ab
1476 2737 1565 2785 hac
1589 2740 1962 2803 interpretatione
1975 2739 2155 2788 alienus
2166 2758 2263 2790 non

145 2808 284 2861 Sacra
313 2811 498 2861 Unctio.
1243 2829 1328 2878 est,
1339 2818 1450 2866 dum
1464 2837 1511 2881 se
1526 2837 1621 2867 non
1636 2831 2001 2887 repugnaturum
2014 2824 2093 2882 ait,
2110 2825 2147 2870 si
2161 2826 2264 2890 quis

214 2893 277 2958 (l)
315 2893 460 2942 Recte
508 2892 716 2943 observat
754 2894 909 2945 Estius
953 2897 1044 2945 loc.
1075 2898 1158 2946 cit.
1246 2905 1312 2966 τῷ·
1340 2902 1518 2968 ἔγειραν
1552 2901 1764 2952 hocloco
1792 2906 2026 2953 notionem
2045 2905 2266 2969 erigendi

145 2975 232 3023 sub
263 2976 352 3024 hac
376 2978 614 3025 sanatione
641 2979 868 3043 corporali
905 2979 1163 3046 quamlibet
1244 2984 1467 3030 animum
1485 2983 1716 3050 subjicere
1741 2986 1916 3035 mallet.
1949 2985 2046 3034 Cfr.
2068 2986 2263 3035 Novum

145 3058 284 3104 etiam
336 3057 568 3106 modicam
625 3060 775 3108 morbi
836 3060 1163 3111 relevationem
1254 3065 1616 3113 Testamentum
1662 3084 1870 3130 qroecum
1898 3076 2131 3133 perpetua
2178 3083 2264 3115 an·

150 3139 514 3203 comprehendi,
565 3141 692 3190 velut
727 3148 914 3191 motum
958 3144 1162 3211 aliquem
1244 3148 1495 3194 notatione
1539 3145 1832 3197 illustratum
1882 3146 2098 3198 editionis
2134 3148 2263 3215 Kop-

152 3218 211 3266 ad
237 3222 486 3270 sanitatem.
518 3222 652 3271 Unde
681 3260 695 3284 ‚
734 3222 844 3272 lieet
872 3227 1021 3274 rarius
1049 3244 1163 3276 con·
1241 3230 1394 3294 pianae
1413 3264 1428 3292 ,
1453 3226 1686 3295 Gottingae
1729 3246 1852 3297 ¹799
1870 3269 1883 3290 ,
1907 3231 1998 3279 vol.
2023 3248 2085 3292 u,
2114 3229 2264 3297 Epis-

153 3301 299 3363 tingat
312 3300 547 3351 hominem
567 3304 820 3370 periculose
843 3317 1152 3372 aegrotantem,
1245 3309 1350 3359 tolae
1368 3309 1540 3360 cathol.
1564 3312 1813 3362 illustratae
1830 3331 1856 3362 a
1873 3312 1901 3360 J
1906 3313 1971 3361 ul.
1991 3312 2105 3364 Dav.
2130 3315 2231 3363 Pott
2244 3352 2259 3378 ,

150 3379 288 3428 Sacra
315 3381 401 3430 hac
433 3382 663 3434 Unctione
694 3386 901 3435 adhibita
921 3422 936 3451 ,
971 3391 1159 3455 integrae
1246 3393 1357 3441 fasc.
1389 3410 1421 3442 ι.

152 3464 327 3510 restitui
369 3465 552 3512 sanitati
587 3482 601 3528 3
655 3483 967 3533 saepenumero
1008 3481 1164 3520 tamen
1315 3474 1382 3538 (2)
1421 3473 1497 3523 Cf.
1539 3473 1687 3522 Estius
1728 3473 1820 3522 loc.
1860 3478 1935 3523 cit.
1970 3475 2183 3527 Bellarm.
2213 3484 2261 3527 et

151 3545 306 3592 evenit
326 3580 338 3602 ‚
362 3553 413 3590 ut
440 3545 588 3593 morbi
612 3547 823 3598 levamen
842 3551 1032 3618 aliquod
1057 3570 1163 3601 sen·
1244 3554 1349 3604 Nic.
1382 3554 1590 3605 Serarius
1612 3555 1726 3603 locis
1752 3558 1851 3605 citt.

153 3626 256 3673 tiat.
288 3624 345 3672 Id
375 3625 500 3690 quod
524 3629 662 3677 variis
695 3630 754 3678 de
786 3634 934 3681 causis
955 3633 1013 3681 ad
1037 3634 1162 3683 salu·
1313 3634 1381 3701 (3)
1403 3636 1509 3701 Ipse
1521 3635 1796 3701 Carpzovius
1813 3637 1984 3705 aliique
1998 3640 2120 3704 apud
2137 3639 2257 3708 Pott,

152 3714 243 3753 tem
268 3707 432 3754 animae
453 3717 608 3772 potest
630 3709 904 3762 conducere.
943 3713 1161 3765 Schleus-
1244 3716 1337 3767 loc.
1377 3720 1461 3767 cit.
1501 3719 1791 3768 contendunt
1823 3719 1903 3770 hic
1934 3720 1990 3771 B.
2033 3720 2259 3772 Jacobum
