2612 4146
351 187 432 246 82

1068 206 1389 244 TRACTATUS
1433 207 1501 245 1)ss
1545 210 1752 248 ORDINE
1761 235 1775 248 .

352 351 650 428 culorum,
689 349 785 412 vel
822 346 1186 430 prophetiae,
1230 346 1326 407 vel
1363 346 1436 408 de
1471 347 1745 412 facultate
1791 351 2039 414 docendi
2070 360 2481 438 quoquomodo

355 448 673 530 explicasse
698 443 994 506 videntur.
1034 441 1119 502 Ab
1153 442 1264 502 hac
1298 455 1499 503 autem
1528 447 1890 527 expositione
1919 471 2029 511 nec
2064 451 2175 533 ipsi
2203 456 2482 514 recentio-

352 564 445 602 res
471 545 870 603 protestantes
900 537 1218 599 abhorrere
1253 539 1533 600 videntur
1558 540 1666 622 (l).

437 640 532 699 16.
583 635 671 696 Ad
715 635 835 711 4¹¹¹,
884 636 1042 697 Dist.
1076 637 1202 696 Per
1229 637 1613 718 prophetiam
1643 637 1721 698 de
1749 639 1943 701 futura
1980 592 2272 705 Timothei
2305 645 2484 706 Ordi-

348 735 587 794 natione
608 777 625 807 ,
659 753 855 799 conca
874 752 983 814 per
1010 730 1235 791 donum
1266 732 1623 815 prophetiae,
1662 733 1759 795 vel
1784 756 1912 817 neq.
1947 737 2044 797 vel
2064 742 2241 800 subd.
2270 752 2485 824 praeter

344 830 590 910 gratiam
622 828 1123 904 sanctificantem,
1166 840 1394 896 tran3.;
1431 829 1505 888 ad
1545 830 1717 909 hujus
1755 831 2185 911 exclusionem,
2231 860 2363 919 neq.
2403 837 2485 897 11-

343 927 539 986 lorum
580 947 758 1009 porro
804 926 1088 1006 expositio
1125 924 1296 985 nobis
1341 926 1712 987 verisimilior
1770 928 2035 1005 videtur,
2074 931 2175 1014 qui
2210 955 2277 993 ea
2322 934 2487 994 Pauli

342 1022 526 1085 verba
562 1044 684 1082 non
723 1021 799 1081 de
837 1021 1049 1081 effectu
1086 1044 1371 1081 manuum
1411 1022 1802 1105 impositionis
1844 1025 2348 1109 interpretantur,
2380 1029 2485 1090 sed

345 1119 419 1180 de
456 1117 768 1202 prophetia
801 1119 926 1178 sive
961 1118 1325 1179 revelatione
1346 1165 1362 1195 ,
1407 1141 1522 1202 qua
1562 1119 1898 1181 admonitus
1928 1122 2140 1183 Paulus
2175 1124 2484 1186 Timotheo

341 1239 551 1276 manus
596 1217 956 1299 imposuerat
1000 1227 1061 1275 et
1094 1216 1446 1299 Episcopum
1491 1230 1968 1293 consecraverat,
2007 1220 2369 1282 cohaerenter
2405 1222 2484 1283 ad

342 1334 445 1388 ea,
483 1334 613 1394 quae
653 1314 676 1372 I
711 1312 894 1394 Epist.
933 1310 1010 1371 ad
1043 1310 1321 1371 eumdem
1357 1311 1732 1373 Timotheum
1768 1316 1825 1391 1,
1867 1314 1976 1388 18,
2016 1315 2142 1397 ipse
2173 1317 2483 1398 Apostolus

338 1411 650 1492 scripserat
673 1431 686 1467 1
719 1409 852 1468 Hoc
863 1419 1234 1489 praeceptum
1262 1411 1606 1469 commendo
1626 1413 1774 1481 tibi,
1793 1412 1897 1490 fili
1929 1411 2255 1483 Timothee,
2281 1435 2486 1474 secun-

338 1508 491 1565 dum
518 1506 918 1586 praecedentes
946 1510 1015 1564 in
1051 1517 1103 1563 te
1127 1507 1480 1586 prophetias
1505 1505 1616 1587 (2).

426 1603 521 1662 17.
568 1602 656 1661 Ad
690 1602 805 1678 5¹¹¹,
834 1602 1156 1685 Responsio
1180 1613 1347 1684 patet
1377 1624 1448 1662 ex
1481 1602 1549 1660 iis
1571 1648 1587 1677 ,
1619 1624 1751 1684 quae
1779 1602 1932 1664 dicta
1969 1612 2109 1664 sunt
2135 1603 2211 1664 ad
2246 1605 2351 1665 3¹¹¹.

426 1698 522 1759 18.
571 1697 661 1758 Ad
693 1700 811 1776 6¹¹¹,
849 1700 1007 1760 Dist.
1032 1699 1100 1757 Id
1125 1710 1244 1775 est,
1274 1699 1575 1781 Episcopi,
1603 1720 1794 1767 conc.,·
1818 1698 2094 1781 simplicis
2122 1699 2481 1783 presbyteri,

336 1818 465 1876 neq.
492 1796 624 1855 Vox
660 1796 821 1855 enim
845 1797 1195 1876 presbyteri
1224 1816 1328 1855 seu
1355 1796 1725 1876 presbyterii
1755 1794 1830 1855 ab
1863 1796 2068 1870 initio,
2111 1806 2177 1854 ut
2221 1818 2326 1856 suo
2350 1795 2475 1857 loco

336 1891 714 1952 ostendemus
733 1936 753 1964 ,
798 1892 1093 1973 aequivoca
1137 1891 1284 1966 fuit,
1330 1903 1506 1973 atque
1553 1891 1948 1974 usurpabatur
1979 1891 2055 1951 ad
2082 1891 2473 1974 designandos

334 1988 674 2048 Sacerdotes
724 1989 846 2049 sive
891 1987 1071 2070 primi
1120 1988 1242 2049 sive
1286 1986 1530 2047 secundi
1574 1987 1832 2063 ordinis,
1884 1987 1946 2047 id
1983 1999 2112 2065 est,
2161 2000 2290 2049 tum
2335 1991 2475 2070 Epi-

332 2107 535 2167 scopos
568 2096 699 2144 tum
717 2082 1099 2164 Presbyteros
1114 2083 1353 2166 proprie
1378 2083 1582 2143 dictos,
1608 2084 1715 2143 Hic
1738 2106 1912 2167 porro
1940 2106 2073 2144 eam
2095 2083 2171 2144 ab
2195 2084 2473 2167 Apostolo

333 2180 658 2240 adhibitam
693 2201 817 2239 esse
855 2179 931 2238 ad
968 2179 1378 2260 significandos
1413 2180 1724 2261 Episcopos
1747 2191 1912 2262 patet
1940 2191 2071 2239 tum
2099 2201 2169 2239 ex
2200 2181 2258 2238 S.
2298 2180 2472 2238 Joan.

336 2276 543 2357 Chrys,
587 2276 688 2357 qui
716 2274 1011 2349 declarat,
1042 2274 1390 2356 Apostolum
1424 2274 1482 2333 id
1514 2273 1708 2334 dicere
1737 2296 1752 2332 ι
1787 2274 1932 2335 Non
1959 2277 2029 2334 de
2063 2276 2474 2354 Presbyteri8‚

329 2373 527 2454 inquit
565 2373 663 2430 liic
698 2373 997 2451 loquitur,
1044 2371 1148 2429 sed
1187 2371 1257 2429 de
1296 2371 1650 2451 Episcopis;
1687 2392 1875 2450 neque
1923 2374 2086 2430 enim
2128 2370 2481 2450 Presbyteri

333 2470 710 2550 Episcopum
754 2468 1132 2527 ordinabant
1166 2466 1292 2546 (3);
1339 2476 1470 2526 tum
1502 2487 1573 2527 ex
1611 2467 2030 2549 antiquissimis
2071 2465 2472 2543 versionibus,

357 2665 416 2728 (1)
433 2665 529 2713 Cfr.
542 2661 881 2721 Rosenmiiller,
893 2658 1055 2709 Schol.
1069 2663 1118 2709 in
1132 2660 1263 2709 hunc
1276 2660 1362 2709 loc.

400 2747 470 2811 (2)
506 2743 680 2800 Ταύτην
710 2741 786 2799 τὼ
814 2742 1137 2810 παραγγελίαν
1163 2742 1360 2810 παραυ-ι’·

330 2831 490 2894 &epioni
517 2850 584 2878 σ-οι
605 2867 618 2891 ,
654 2824 800 2877 riam
844 2829 1046 2890 Τιμόθεε
1065 2864 1079 2889 ,
1110 2824 1237 2876 κριταὶ
1276 2824 1362 2882 τοὶς

334 2911 627 2981 προαγούσας
648 2907 719 2960 ἐπὶ
734 2908 787 2959 σέ
803 2907 1100 2976 προφητείαις.
1121 2909 1254 2957 Hanc
1279 2928 1362 2958 ex-

333 3000 611 3064 positionem
630 2996 842 3060 sequitur
857 2996 953 3059 ipse
974 2992 1196 3040 Calvinus
1225 2989 1366 3039 Com-

332 3088 480 3129 ment.
517 3080 574 3125 in
604 3095 620 3125 1
654 3076 720 3124 ad
761 3074 976 3124 Timoth.
1022 3092 1104 3135 lv,
1144 3071 1240 3138 14,
1281 3073 1365 3122 ubi

332 3164 493 3212 scribit
528 3180 541 3210 ε
568 3158 1001 3224 Dicit(Apostolus
1019 3164 1032 3220 )
1053 3159 1264 3223 qratiam
1284 3155 1366 3205 illi

331 3246 495 3296 datam
520 3260 618 3293 esse
638 3260 731 3310 per
740 3240 1065 3309 prophetiam.
1089 3239 1364 3305 Quomodo?

337 3329 474 3395 Quia
489 3328 669 3376 scilicet
685 3324 908 3394 Spiritus
935 3323 1150 3373 Sanctus
1171 3321 1364 3372 oraculo

340 3411 653 3459 Timotheum
679 3410 1040 3464 destinaverat,
1073 3407 1207 3454 utin
1231 3405 1364 3453 ordi-

331 3511 443 3543 nem
453 3502 707 3560 pastorum
734 3497 1022 3560 cooptarent.
1037 3488 1207 3554 Neque
1227 3489 1362 3535 enim

331 3576 538 3625 delectus
579 3583 767 3623 tantum
803 3576 968 3640 fuerat
990 3572 1243 3622 hominum
1265 3573 1362 3636 ju-

330 3661 462 3710 dicio
486 3698 508 3720 ,v
530 3667 585 3708 ut
609 3658 725 3722 fieri
760 3656 876 3706 solet
889 3675 913 3719 ,·
940 3656 1024 3706 sed
1046 3661 1363 3724 proeceeserat

328 3743 546 3809 Spiritus
572 3738 751 3791 Sancti
779 3741 1146 3806 nuncupatio...

1448 2676 1618 2709 sensus
1648 2668 1749 2721 eet,
1786 2659 2128 2722 Timotheum,
2173 2650 2326 2725 quum
2361 2674 2478 2725 pro-

1440 2743 1702 2811 phetarum
1726 2759 1837 2792 voce
1863 2742 2076 2791 adscitus
2104 2741 2207 2807 fuit
2233 2742 2291 2789 in
2316 2741 2473 2788 mini-

1448 2828 1678 2887 sterium,
1711 2834 1756 2873 et
1784 2823 1958 2872 deinde
1983 2823 2185 2872 solemni
2211 2823 2314 2870 ritu
2344 2821 2476 2870 ordi-

1447 2916 1626 2970 natus,
1662 2893 1816 2955 simul
1847 2908 2011 2971 qratia
2046 2904 2264 2971 Spiritus
2303 2901 2478 2955 Sancti

1451 2990 1742 3038 instructum
1762 2989 1919 3053 sut'sse
1934 2987 2000 3036 ad
2009 2988 2315 3053 functionem
2332 3003 2474 3034 suam

1448 3072 1790 3138 exequendam.
1844 3071 1988 3121 Unde
2025 3069 2330 3134 colliqimue,
2374 3086 2475 3119 non

1447 3157 1647 3204 inanem
1673 3154 1829 3219 fuisse
1859 3155 2047 3210 ritum;
2076 3154 2193 3217 quia
2225 3167 2474 3200 consecra-

1446 3240 1622 3286 tionem
1643 3274 1656 3298 ,
1704 3253 1852 3301 quam
1902 3235 2119 3283 'tornines
2168 3235 2476 3302 impositione

1447 3337 1684 3370 manuum
1731 3318 2010 3384 fiqurabant
2035 3356 2048 3379 ,
2093 3320 2230 3366 Deus
2281 3317 2475 3384 Spiritu

1446 3419 1532 3451 suo
1561 3400 1797 3468 implevit.
1825 3400 1948 3467 Quid
1989 3401 2155 3450 clarius
2178 3397 2199 3449 ἲ

1515 3485 1578 3549 (3)
1617 3485 1760 3535 Hom.
1791 3498 1874 3533 xm
1905 3486 1955 3532 iu
1985 3501 2002 3531 1
2030 3484 2090 3532 ad
2110 3482 2321 3532 Timoth.
2341 3497 2394 3529 n.
2427 3495 2470 3527 ι.

1447 3568 1510 3618 Ου’
1529 3564 1627 3635 περὶ
1643 3564 1945 3634 πρεσβυτέρων
1966 3564 2099 3632 φησὶν
2121 3569 2327 3624 ἐνταῦθα,
2344 3559 2473 3611 ἑλλοὶ

1448 3647 1547 3718 περὶ
1589 3647 1859 3700 ἑπισ-κᾶπων·
1896 3651 1941 3700 ου’
1966 3649 2055 3716 γάρ
2093 3645 2158 3704 82?
2181 3642 2472 3713 rpeessto'roepot

1177 3741 1354 3804 Itaque
1437 3730 1510 3784 riv
1528 3732 1766 3784 ἐπίσκοπον
1788 3733 2090 3800 ἔχειροτὸνουν.
2104 3724 2474 3794 loo-cit·p.618.
