2508 4120
270 77 390 136 268

909 94 1228 135 TRAGTATUS
1274 97 1342 133 DE
1389 96 1767 138 MA‘rmuoum.

270 244 743 301 communionem
761 280 782 309 ,
816 258 1001 316 quam
1038 242 1123 308 is,
1150 259 1326 317 quem
1355 240 1642 318 reliquit,
1680 240 1752 300 de
1773 243 1963 302 seculo
1986 249 2230 316 caierit,·
2274 249 2401 306 nisi

269 340 583 396 necessitas
609 334 993 412 infirmitatis
1014 334 1163 393 dare
1185 336 1543 415 compulerit
1570 335 1681 414 (1).
1709 335 1975 396 Alterum
1997 359 2136 399 vero
2161 342 2398 402 exhibet

271 434 326 491 S.
351 432 770 511 Hieronymus7
817 431 918 511 qui
954 431 1019 489 in
1055 431 1256 511 Epist.
1289 432 1377 490 ad
1414 431 1779 490 Amandum
1805 431 2048 492 scribit:
2091 435 2399 514 Quamdiu

268 530 420 585 vivit
446 530 574 598 vir,
601 528 739 585 licet
757 526 996 586 adulter
1015 530 1127 599 sit,
1164 529 1301 586 licet
1324 528 1611 587 sodomita
1631 574 1648 596 ,
1675 529 2080 609 li‘cetflayitiis
2109 534 2398 593 omnibus

267 633 606 703 coopertus,
643 634 699 681 et
730 624 810 681 ab
837 643 1020 683 uxore
1040 634 1292 703 propter
1331 624 1454 683 hoeo
1488 624 1709 682 scelera
1743 625 2091 700 derelictus7
2138 630 2400 687 maritus

265 724 397 797 ejus
429 730 789 799 reputatur,
820 723 925 779 cui
952 721 1212 779 alterum
1246 723 1455 778 virum
1490 724 1759 798 accipere
1785 741 1909 779 non
1933 722 2068 780 licet
2088 720 2212 801 (2);
2250 732 2310 782 et
2338 721 2402 780 in

265 816 467 895 Epist.
485 817 570 875 ad
588 817 892 875 Oceanum
908 864 925 886 ,
951 815 1202 875 Fabiolae
1222 861 1237 890 7
1277 815 1649 898 amplissimae
1679 827 1966 876 matronae
1985 838 2238 877 romanae
2253 863 2269 894 ,
2287 839 2400 899 pu-

264 910 481 972 blicam
515 913 928 996 poenitentiam
954 912 1162 987 refert,
1190 934 1320 994 quae
1344 934 1479 972 cum
1504 911 1579 971 ob
1610 912 1723 972 viri
1753 914 1842 972 sui
1870 913 2223 973 adulterium
2254 914 2398 972 alia-

266 1030 382 1090 que
418 1008 632 1089 flagitia
666 1009 838 1069 alteri
873 1009 1167 1090 nupsisset
1202 1008 1407 1091 (quod
1444 1010 1870 1091 Imperatorum
1908 1010 2085 1069 etiam
2129 1010 2398 1070 christia-

264 1128 481 1166 norum
532 1105 754 1186 legibus
818 1106 1019 1166 liceret
1045 1106 1106 1188 ),
1152 1107 1215 1164 in
1276 1128 1336 1166 se
1386 1127 1619 1166 reversa
1652 1153 1667 1182 7
1732 1118 1850 1166 tota
1901 1109 2051 1166 urhe
2107 1117 2399 1188 spectante

264 1203 585 1269 Romana,
633 1213 771 1262 ante
811 1204 971 1261 diem
996 1203 1271 1282 paschae,
1305 1208 1375 1261 in
1409 1204 1685 1262 Basilica
1730 1205 2039 1283 quondam
2074 1205 2395 1279 Laterani,

264 1302 380 1378 qui
411 1299 759 1359 Coesariano
793 1310 1117 1358 truncatus
1149 1310 1234 1358 est
1254 1300 1460 1379 yladio
1477 1343 1498 1371 ,
1531 1297 1718 1359 staret
1750 1305 1819 1359 in
1849 1301 2060 1359 ordine
2098 1304 2401 1380 poeniten·

264 1401 457 1481 tium,
488 1399 788 1478 Episcopo
805 1442 825 1469 ,
868 1398 1245 1476 Presbyteris
1280 1407 1336 1456 et
1361 1402 1530 1456 omni
1546 1399 1772 1477 populo
1798 1399 2400 1476 collacrymantibus,

262 1515 551 1572 sparsum
592 1497 863 1564 crinem,
903 1515 1011 1552 ora
1044 1494 1286 1562 lurida,
1318 1494 1631 1571 squalidas
1668 1515 1923 1569 manus,
1960 1494 2206 1551 sordida
2252 1494 2403 1551 colla

263 1590 642 1648 submitteret
675 1589 895 1667 (3).1n
928 1610 1090 1647 more
1117 1589 1293 1668 igitur
1325 1588 1584 1670 positum
1607 1600 1729 1647 erat
1762 1600 1898 1647 ante
1931 1590 1984 1647 S.
2018 1589 2402 1668 Augustinum

265 1684 330 1743 in
350 1684 600 1744 Ecclesia
625 1683 991 1746 Occidentali
1008 1730 1024 1759 7
1054 1683 1378 1766 praesertim
1395 1705 1534 1743 vero
1559 1685 1620 1742 in
1647 1683 1894 1743 Ecclesia
1927 1676 2212 1758 Romana,
2233 1688 2403 1762 juxta

263 1778 661 1859 evangelicam
703 1790 764 1838 et
799 1778 1178 1861 apostolicam
1215 1776 1584 1859 disciplinam
1607 1824 1623 1853 7
1669 1791 1734 1837 ut
1777 1778 2037 1861 loquitur
2076 1778 2403 1837 Concilium

262 1874 674 1935 Milevitanum
713 1876 763 1933 II
800 1874 889 1955 (4)
915 1921 930 1950 7
965 1895 1158 1956 neque
1188 1873 1496 1933 dimissum
1529 1874 1603 1934 ab
1630 1896 1811 1934 uxore
1833 1921 1848 1950 7
1880 1895 2071 1956 neque
2100 1873 2402 1933 dimissam

262 1993 293 2030 a
321 1971 576 2045 maritO,
627 1970 805 2030 etiam
851 1992 924 2030 ex
961 1970 1356 2029 fornicationis
1407 1991 1609 2043 causa,
1659 1969 1828 2030 alteri
1876 1970 2149 2051 conjungi
2184 1991 2390 2052 posse3

262 2066 523 2148 alioquin
555 2065 787 2125 Fabiola
820 2087 881 2125 se
918 2087 1080 2125 ream
1109 2088 1231 2125 non
1260 2065 1663 2139 inclamasset,
1704 2087 1895 2148 neque
1927 2065 2178 2148 publicae
2203 2066 2395 2147 poeni.-

264 2163 470 2222 tentiae
497 2183 558 2222 se
589 2160 927 2240 subjecisset
955 2160 1071 2241 (5).

333 2370 398 2436 (l)
429 2369 565 2435 Apud
609 2370 746 2418 Card.
773 2371 831 2419 de
870 2369 1061 2435 Aguirre
1086 2408 1114 2437 ⁹.
1150 2369 1297 2419 Colle-

262 2454 357 2501 ctio
383 2453 604 2500 maoeima
633 2451 816 2500 Concil.
836 2451 1052 2519 Hispan.
1080 2471 1128 2518 p.
1159 2450 1255 2519 387
1279 2489 1294 2514 ‚

261 2537 347 2585 ubi
376 2539 427 2584 in
455 2539 788 2594 commentario
824 2538 873 2584 in
908 2537 1036 2585 hunc
1067 2554 1295 2585 canonem

1379 2371 1641 2420 secundum
1673 2371 1995 2436 evanqelicam
2013 2380 2057 2420 et
2090 2371 2396 2438 apostolicam

1378 2453 1694 2519 disciplinam
1706 2492 1718 2515 7
1735 2471 1885 2519 neque
1899 2454 2130 2502 dimissu-s
2143 2455 2202 2503 ab
2221 2471 2369 2503 uxore
2377 2489 2394 2514 ,

1378 2553 1528 2601 neque
1564 2536 1767 2585 dimissa
1811 2554 1842 2584 a
1874 2539 2049 2586 marito
2075 2574 2090 2599 ,
2120 2536 2260 2586 alteri
2289 2553 2399 2585 con·-

262 2619 395 2684 plura
427 2619 632 2667 eruditus
650 2620 728 2667 hic
751 2630 908 2668 auctor
927 2621 1173 2684 congessit.
1190 2618 1301 2667 Non'*
1363 2620 1677 2684 junqantur;
1702 2620 1784 2668 sed
1799 2622 1867 2668 ita
1891 2628 2118 2668 maneant
2139 2658 2152 2679 ,
2181 2629 2266 2668 aut
2279 2618 2398 2666 sibi-

276 2710 435 2749 tamen
465 2701 835 2765 praetereundum
852 2702 1036 2749 silentio
1053 2710 1140 2762 est,
1172 2719 1295 2750 non-

262 2783 395 2832 nulla
417 2784 714 2843 documenta,
735 2801 835 2850 quae
848 2783 1041 2848 profert,
1058 2784 1185 2832 haud
1199 2801 1294 2832 esse

269 2869 492 2932 genuina.

334 2949 405 3015 (2)
443 2949 556 2998 Loc.
592 2951 673 3000 cit.

337 3032 409 3099 (3)
448 3032 593 3098 Epist.
638 3048 819 3092 mxxvii,
862 3050 913 3080 n.
955 3031 1013 3093 3,
1055 3031 1162 3080 edit.
1202 3034 1281 3081 cit.

267 3116 428 3165 Refert
472 3125 686 3182 praeterea
726 3115 900 3163 ibidem
938 3114 988 3163 S.
1025 3114 1199 3164 Doctor
1230 3115 1289 3164 ad

263 3201 618 3248 excusationem
654 3198 855 3246 Fabiolae
877 3234 890 3255 ,
927 3197 1052 3263 quod
1093 3200 1155 3246 ita
1189 3201 1287 3263 ipsa

264 3288 316 3328 s'e
330 3285 534 3345 gesserit,
552 3284 766 3347 ignorans
781 3280 832 3328 E
834 3278 1045 3345 vanyelii
1061 3281 1286 3346 rigorem,

263 3364 321 3410 in
371 3380 463 3428 quo
509 3364 725 3412 nubendi
762 3366 990 3413 universa
1027 3365 1242 3411 causatio
1269 3401 1281 3423 7

273 3445 541 3493 viventibus
564 3449 685 3495 viris
710 3484 725 3509 ,
755 3447 958 3512 seminis
986 3454 1283 3512 amputatur.

337 3527 409 3592 (14)
428 3527 564 3578 Anno
588 3527 688 3593 416
713 3530 1021 3591 celebratum,
1044 3547 1148 3579 can.
1168 3544 1283 3589 xvn,

265 3613 402 3677 cujus
446 3611 581 3662 verba
612 3613 709 3661 haec
741 3625 847 3662 sunt
887 3631 900 3661 ε
936 3612 1165 3673 Placuit,
1201 3620 1285 3673 ut,

1378 2711 1472 2751 met
1495 2702 1881 2752 reconcilientur.
1916 2703 2060 2769 Quod
2079 2705 2127 2750 si
2154 2711 2396 2766 contemp-

1377 2786 1562 2843 serint,
1597 2785 1662 2831 ad
1695 2787 2038 2850 paenitentiam
2087 2783 2394 2848 rediqantur.

1378 2866 1514 2931 Apud
1567 2866 1797 2915 Harduin.
1844 2865 1973 2914 Acta
2009 2866 2158 2919 Cone.
2194 2875 2313 2916 tom.
2352 2870 2397 2927 i,

1376 2948 1462 2996 col.
1515 2963 1655 2995 1220.
1693 2949 2032 2996 Animadvertit
2072 2960 2226 2998 autem
2274 2949 2397 2997 Har-

1375 3031 1566 3091 duinus,
1585 3030 1643 3080 ab
1671 3030 1845 3080 Isidoro
1862 3032 2013 3097 plures
2042 3035 2172 3081 citari
2200 3050 2398 3082 canones

1376 3115 1462 3163 sub
1498 3118 1688 3164 nomine
1716 3115 1859 3163 Conc.
1887 3115 2151 3164 Milevitani
2174 3153 2187 3176 ,
2219 3118 2299 3182 qui
2331 3126 2400 3164 ta-

1375 3215 1485 3246 men
1516 3199 1574 3246 ad
1603 3198 1691 3246 alia
1719 3198 1927 3246 Concilia
1954 3201 2213 3264 pertinent3
2237 3201 2397 3264 cujus-

1379 3281 1505 3329 modi
1525 3284 1644 3330 inter
1658 3291 1827 3329 ceteros
1844 3292 1927 3341 est,
1944 3299 2083 3348 quem
2105 3281 2400 3339 adduximus,

1375 3366 1457 3429 qui
1495 3366 1770 3412 constitutus
1811 3372 1881 3411 est
1929 3382 1954 3411 a
2004 3364 2149 3412 Cone.
2195 3363 2403 3428 plenario

1373 3444 1548 3495 Africae
1572 3464 1695 3495 anno
1725 3443 1817 3512 407
1850 3446 2099 3495 celebrato.

1441 3528 1514 3595 (ὅ)
1551 3528 1658 3579 Alia
1699 3529 1977 3580 documenta
2013 3529 2101 3579 cfr.
2149 3527 2271 3594 apud
2303 3528 2403 3575 citt.

1375 3622 1601 3661 auctoreS.
