2612 4146
350 202 427 261 54
871 221 1193 262 rnacrarus
1240 220 1306 256 na
1344 218 1613 259 ‘Exrnmm
1658 211 1960 260 uncrlous.

360 370 750 448 interrogatus
771 412 787 442 7
816 387 892 424 an
924 361 1128 423 Jacobi
1161 362 1342 424 verba
1370 362 1445 423 de
1473 364 1723 425 infirmis
1751 365 1879 426 oleo
1917 365 2267 446 inungendis
2301 387 2334 426 a
2378 367 2486 427 Sa·-

356 463 690 524 cerdotibus
727 459 973 539 intelligi
1001 457 1289 519 deberent
1308 505 1323 532 .,
1362 470 1538 541 atque
1569 481 1645 519 an
1671 460 1792 521 haec
1818 462 2031 522 Unctio
2056 461 2484 543 poenitentibus

353 572 506 622 esset
537 554 908 619 concedenda
929 601 943 629 ,
977 555 1295 638 respondet
1337 579 1349 614 ε
1396 555 1540 616 Non
1575 566 1661 615 est
1691 558 1953 617 dubium
1989 557 2213 636 (verba
2239 556 2485 638 Jacobi)

356 659 428 717 de
449 655 728 736 fidelihus
751 654 1186 733 aeqrotantihus
1225 656 1432 732 accipi
1459 653 1548 711 vel
1585 653 1846 732 intelliyi
1878 655 2116 725 dehere,
2146 658 2260 733 qui
2287 663 2486 713 sancto

350 755 468 812 oleo
494 751 839 810 chrismatis
859 754 1142 829 peranyi
1166 760 1426 829 possunt
1437 792 1457 821 ,
1498 770 1615 828 quo
1641 749 1721 807 ab
1745 749 2042 830 Episcopo
2081 754 2338 830 confecto
2365 771 2487 809 non

352 850 544 909 solum
572 847 1031 917 Sacerdotibus,
1066 847 1170 905 sed
1197 856 1252 904 et
1272 847 1557 905 omnibus
1585 851 1681 904 uti
1701 845 2059 906 christianis
2082 849 2218 906 licet
2235 893 2251 919 ,
2281 852 2347 906 in
2376 868 2490 906 sua

354 955 468 1004 aut
495 964 752 1002 suorum
774 947 1114 1002 necessitate
1139 943 1557 1022 inan-qando...
1581 943 2019 1022 poenitentibus
2042 944 2211 1002 istud
2231 943 2495 1023 infandi

353 1062 477 1101 non
507 1051 733 1121 potest,
782 1044 934 1120 quia
973 1060 1165 1119 qenus
1211 1038 1298 1096 est
1329 1039 1733 1098 Sacramenti.
1779 1038 1950 1098 Nam
1989 1040 2214 1119 quibas
2250 1040 2491 1118 reliqua

357 1139 756 1197 Sacramenta
781 1146 1118 1217 ncyantum
1144 1136 1433 1214 quomodo
1460 1155 1659 1194 unum
1678 1156 1871 1214 qenus
1886 1145 2153 1214 putatur
2165 1155 2335 1215 posse
2360 1155 2493 1193 con-

355 1236 490 1295 cedi
526 1232 656 1315 (l)?
688 1231 910 1306 Quibus
947 1229 1143 1292 verbis
1176 1253 1300 1290 non
1323 1230 1514 1290 solum
1549 1231 1744 1289 innuit
1788 1231 2183 1289 sanctissimus
2221 1230 2494 1290 Pontifex

353 1330 447 1411 agi
472 1329 555 1389 de'
579 1350 643 1389 re
665 1328 970 1388 notissima
990 1374 1005 1403 .,
1035 1327 1309 1409 inquiens
1334 1349 1348 1386 ε
1392 1348 1514 1387 non
1543 1337 1628 1386 est
1651 1328 1951 1395 dubiam3
1975 1325 2077 1386 sed
2103 1339 2388 1409 praeterea
2415 1347 2493 1386 ne

357 1425 591 1486 dubitat
628 1425 868 1508 quidem
891 1471 907 1501 ,
941 1425 1061 1484 imo
1085 1445 1194 1507 pro
1233 1435 1392 1484 certo
1429 1434 1607 1506 atque
1642 1423 1944 1505 explorato
1972 1423 2261 1507 principio
2287 1422 2488 1505 ponit,

353 1523 708 1583 Uncti'onem
750 1521 914 1581 illam
953 1519 1462 1581 adnumerandam
1506 1540 1631 1579 esse
1678 1520 2102 1594 SacramentiS,
2150 1540 2287 1578 cum
2329 1517 2493 1578 nulla

354 1620 466 1680 alia
490 1619 564 1679 de
584 1640 752 1679 causa
768 1617 1017 1701 puhlicis
1039 1616 1467 1700 poenitentibus
1487 1638 1616 1676 eam
1640 1616 2049 1695 denegandam
2066 1636 2190 1675 esse
2213 1613 2490 1673 affirmet.

441 1717 499 1776 7.
546 1718 626 1775 Ex
653 1716 744 1777 his
772 1716 949 1796 igitur
976 1726 1180 1797 patet„
1208 1725 1577 1774 constantem
1604 1712 1679 1772 ad
1705 1735 1811 1772 nos
1836 1734 2020 1794 usque
2041 1713 2188 1771 circa
2213 1710 2374 1770 hunc
2399 1732 2496 1769 ar-

357 1813 606 1872 ticulum
655 1814 960 1894 utriusque
1005 1811 1266 1872 Ecclesiae
1315 1810 1614 1870 orientalis
1665 1820 1840 1892 atque
1888 1806 2262 1868 occidentalis
2315 1806 2495 1866 fidem

356 1910 553 1969 fuisse.
587 1910 673 1969 Ad
696 1911 818 1968 haec
845 1907 1067 1968 accedit
1088 1910 1395 1990 utriusque
1430 1907 1651 1989 pariter
1689 1905 1956 1966 Ecclesiae
1991 1913 2275 1986 perpetua
2299 1906 2495 1986 praxis

360 2007 423 2065 in
460 2006 631 2085 hujus
661 2005 1024 2064 Sacramenti
1053 2004 1598 2080 administratione,
1631 2024 1761 2085 quae
1795 2014 1855 2062 et
1886 2023 1956 2061 ex
1990 1999 2315 2060 Ritualibus
2345 1999 2497 2058 utri-

361 2124 546 2184 usque
583 2102 846 2162 Ecclesiae
882 2101 1046 2160 libris
1070 2147 1084 2176 ,
1123 2113 1182 2160 et
1219 2122 1292 2160 ex
1327 2100 1657 2163 certissimis
1695 2097 2097 2158 monumentis
2123 2095 2500 2157 orientalium

365 2199 634 2258 omniurn
675 2209 966 2257 sectarum
999 2197 1378 2279 antiquarum
1407 2218 1439 2254 a
1469 2195 1837 2256 Renaudotio
1870 2187 2126 2255 collectis
2159 2184 2501 2255 luculentis-

367 2295 513 2353 sime
550 2306 779 2353 constat
815 2294 939 2373 (2),
986 2294 1064 2351 ita
1096 2305 1162 2350 ut
1202 2294 1419 2351 mirum
1455 2313 1578 2351 esse
1616 2293 1834 2373 possit,
1872 2301 2006 2372 post
2033 2302 2155 2348 tam
2191 2301 2392 2371 aperta
2436 2309 2502 2347 ac

362 2389 608 2449 illustria
634 2391 696 2448 in
732 2388 1149 2450 vetustioribus
1186 2388 1390 2449 seculis
1416 2409 1481 2447 ac
1504 2386 1777 2446 omnibus
1809 2385 2070 2446 Ecclesiis
2096 2385 2270 2465 hujus
2299 2388 2502 2444 Sacra-

363 2487 552 2547 menti
599 2495 986 2546 monumenta
1039 2483 1190 2545 velle
1241 2483 1431 2542 adhuc
1475 2482 1864 2543 heterodoxos
1906 2481 1971 2540 in
2013 2481 2328 2540 clarissima
2374 2479 2503 2539 luce

362 2583 687 2666 prudentes
719 2583 1084 2663 scientesque
1112 2581 1376 2641 caecutire
1401 2579 1512 2661 (3).
2443 2595 2446 2597 ·

449 2681 506 2738 8.
557 2678 842 2738 Nonnulli
877 2689 1078 2738 tamen
1100 2700 1173 2738 ex
1211 2674 1635 2737 recentioribus
1667 2673 2135 2735 Protestantibus
2164 2674 2271 2734 visi
2301 2683 2442 2731 sunt
2469 2694 2501 2731 a

369 2798 517 2835 caeco
539 2775 641 2834 illo
662 2775 856 2834 furore
875 2821 891 2850 .,
919 2797 1034 2856 quo
1055 2775 1263 2856 perciti
1285 2784 1426 2833 sunt
1448 2794 1650 2831 eorum
1674 2770 2073 2851 antesignani,
2104 2760 2375 2828 recedere
2390 2812 2405 2841 ,
2435 2788 2500 2826 ac

368 2871 612 2931 summis
642 2874 768 2948 jam
805 2868 1075 2930 laudibus
1104 2869 1271 2951 pium
1303 2868 1466 2927 hunc
1500 2868 1682 2926 ritum
1716 2865 2045 2939 extollunt,
2090 2865 2210 2923 imo
2245 2883 2355 2922 nec
2395 2862 2503 2922 ab-

441 3077 513 3141 (1)
547 3076 714 3143 Epist.
739 3092 851 3136 xxv,
893 3093 994 3140 cap.
1024 3073 1057 3123 8
1080 3110 1094 3138 ,
1124 3074 1245 3140 apud
1269 3073 1393 3121 Cou-
1549 3070 1613 3135 (3)
1652 3071 1786 3136 Inter
1810 3071 1897 3119 hos
1939 3071 2115 3118 eminet
2145 3066 2271 3117 Sam.
2307 3067 2500 3134 Deylin-

371 3171 512 3210 stant.
549 3157 711 3225 Epist.
736 3158 876 3207 Rom.
914 3157 1057 3206 Pont.
1093 3168 1210 3205 tom.
1240 3173 1283 3216 1,
1312 3157 1393 3222 qui
1477 3155 1578 3220 gius
1602 3192 1615 3214 ‚
1649 3156 1730 3220 qui
1770 3155 1820 3200 in
1850 3150 2279 3199 observationibus
2307 3152 2462 3199 sacris
2481 3188 2495 3210 ‚

371 3252 528 3292 tamen
571 3241 822 3291 nonnullas
851 3241 1052 3289 diversas
1082 3240 1303 3288 lectiones
1334 3238 1394 3286 af·
1478 3247 1591 3303 part.
1613 3251 1667 3284 111
1690 3272 1703 3292 ‚
1728 3254 1779 3285 n.
1809 3232 1841 3283 8
1860 3271 1875 3295 ,
1897 3234 2023 3300 Lips.
2071 3234 2199 3301 1739
2222 3272 2235 3294 ‚
2269 3233 2499 3281 affirmare

371 3327 487 3383 fert,
519 3343 595 3373 ex.
620 3343 687 3390 gr.
721 3323 848 3389 quod
874 3322 935 3371 ab
962 3320 1206 3387 Episcopo
1233 3320 1394 3385 confe-
1478 3337 1574 3368 non
1608 3319 1864 3386 dubit-avit,
1895 3316 2250 3366 Sacramentum
2274 3315 2499 3365 Extremae

372 3416 557 3455 ctum...
583 3408 857 3455 necessitate
875 3404 1175 3470 unqendum.
1474 3403 1715 3452 Unctionis
1758 3402 2017 3449 monstrum
2066 3413 2110 3448 et
2151 3400 2350 3447 informe
2381 3414 2497 3446 cna-

444 3489 515 3554 (2)
551 3488 747 3554 Per-pot.
768 3489 825 3538 dc
851 3487 985 3554 lasci
999 3526 1014 3546 ‚
1044 3498 1158 3537 tom.
1178 3505 1224 3544 v,
1245 3486 1324 3533 liv.
1342 3503 1390 3543 v,
1480 3496 1579 3533 tum
1602 3500 1698 3533 esse
1724 3485 1775 3531 in
1804 3482 2005 3531 Ecclesia
2033 3481 2243 3530 Romana
2276 3478 2362 3528 sub
2391 3478 2501 3526 bar-

374 3572 515 3637 chap.
536 3589 552 3619 1
573 3581 617 3620 et
649 3575 768 3621 suiv.
813 3572 912 3622 Cfr.
941 3574 1053 3620 item
1093 3570 1353 3619 Matienius
1377 3605 1390 3627 ‚
1476 3568 1604 3617 bat-ie
1629 3567 1917 3631 superiorum
1957 3565 2217 3613 seculorum
2236 3599 2250 3623 ,
2285 3560 2497 3609 nullum-

373 3655 455 3703 De
471 3656 687 3719 antiquis
707 3653 759 3703 E
760 3653 848 3704 ccl.
869 3655 1001 3706 ritib.
1020 3655 1103 3704 lib.
1124 3671 1139 3702 ι
1161 3692 1174 3716 ,
1196 3663 1310 3718 part.
1325 3666 1361 3700 ¹1
1379 3689 1391 3711 ‚
1478 3668 1568 3716 que
1589 3651 1639 3697 in
1665 3657 1760 3697 tota
1780 3650 2053 3714 antiquitate
2073 3645 2317 3696 Unctionis
2334 3652 2500 3691 nostra:

373 3755 473 3802 cap.
500 3754 528 3802 7
551 3774 563 3791 ‚
583 3747 667 3786 art.
699 3748 774 3786 let
801 3755 898 3803 seq.
1478 3729 1763 3798 deprehendi
1801 3733 2045 3795 vestigium
2068 3733 2079 3779 Ξ
