2612 4146
589 249 711 285 cu.
761 249 800 284 1.
847 246 915 285 ne
955 247 1197 286 saonam.
1247 247 1376 285 om).
1426 247 1721 287 vamum.
2143 227 2216 287 81

131 426 134 430 Δ
195 389 289 446 14.
341 387 430 446 Ad
459 390 575 465 2¹¹²,
598 388 746 468 Ney.
775 409 935 447 cons.
963 389 1160 447 Potuit
1183 388 1342 448 enim
1360 387 1620 447 Christus
1642 409 1752 469 pro
1774 409 2076 468 suprema,
2107 411 2221 471 qua

109 481 395 565 pollebat,
410 483 750 542 auctoritate
773 481 988 564 absque
1011 483 1288 565 peculiari
1303 481 1420 541 ritu
1442 482 1861 543 sacerdotalem
1875 482 2219 563 dignitatem

108 578 397 658 Apostolis
421 577 708 651 conferre,
734 589 792 637 et
814 579 952 659 ipsis
979 578 1200 636 interea
1225 577 1566 658 praecipere‚
1591 589 1658 636 ut
1680 575 1754 635 ad
1782 578 2218 658 inaugurandos

111 671 442 732 Sacerdotes
467 673 837 753 impositione
873 694 1157 731 manuum
1186 682 1509 730 uterentur.
1544 674 1663 731 Nec
1694 674 1854 732 enim
1882 684 2116 733 tantum
2146 697 2219 734 ex

110 766 210 841 iis,
247 787 376 848 quae
410 766 668 825 Christus
707 768 871 842 fecit,
898 766 1000 826 sed
1025 786 1095 825 ex
1125 766 1192 823 iis
1212 787 1389 846 ‚quae
1421 766 1546 917 ipse
1581 766 1845 827 facienda
1879 769 2216 847 mandavit,

109 860 322 920 thesim
358 872 619 920 nostram
658 862 1032 921 adstruimus

193 955 289 1013 15.
338 956 428 1014 Ad
468 955 587 1031 3¹1¹,
628 957 780 1036 Neq.
817 957 916 1014 Est
957 955 1116 1014 enim
1152 955 1334 1035 gratia
1378 958 1623 1014 virtutis
1651 966 1711 1014 et
1751 958 2120 1031 dilectiones,
2156 972 2224 1020 ut

3 1052 6 1055 ’
108 1051 355 1132 ipsemet
383 1051 664 1131 exposuit.
691 1050 756 1108 Id
784 1071 990 1131 porr0‚
1028 1049 1185 1131 quod
1217 1049 1453 1108 additur
1488 1051 1562 1109 de
1602 1071 1742 1110 voce
1770 1061 1992 1132 χάρισμα
2018 1055 2225 1115 collata

112 1168 241 1206 cum
261 1168 400 1208 voce
414 1157 582 1228 χάρις,
598 1145 811 1204 nullius
829 1167 1066 1228 prorsus
1088 1146 1362 1227 ponderis
1386 1168 1508 1206 esse
1528 1149 1866 1229 reponimus
1883 1175 1898 1223 ς
1930 1148 2063 1210 tum
2088 1154 2223 1234 quia

113 1242 269 1302 idem
290 1241 593 1323 Apostolus
612 1286 628 1314 ,
653 1243 821 1299 Rom.
854 1242 893 1298 V
912 1286 927 1313 ,
957 1241 1031 1300 15
1052 1287 1068 1315 ,
1095 1242 1204 1300 hac
1243 1242 1448 1301 eadem
1479 1263 1618 1302 voce
1651 1244 1837 1302 utitur
1869 1244 1943 1303 ad
1980 1248 2226 1325 gratiam

114 1337 570 1397 sanctificantem
594 1334 1056 1415 significandam,
1084 1336 1231 1394 dum
1244 1338 1324 1395 ait
1351 1359 1363 1394 ε
1394 1337 1537 1396 Non
1560 1342 1720 1396 sicut
1733 1340 2044 1410 delictum,
2067 1348 2153 1401 ita
2173 1355 2230 1401 ec

116 1435 341 1492 domem
361 1430 474 1510 (1),
499 1451 675 1509 graece
694 1440 918 1511 χάρισμα
937 1456 952 1504 3
970 1441 1097 1491 tum
1119 1432 1251 1512 quia
1274 1434 1649 1492 vetustissimi
1670 1435 2004 1494 Graecorum
2025 1439 2224 1497 Patres

112 1526 379 1607 gratiam,
411 1546 523 1606 qua
543 1525 669 1584 Filii
687 1527 791 1585 Dei
818 1527 1193 1586 nominamur
1212 1539 1273 1586 et
1301 1550 1529 1602 summ,
1547 1538 1771 1610 χάρισμα
1794 1531 2095 1612 appellant
2112 1578 2128 1607 ,
2158 1544 2226 1592 ut

110 1620 376 1680 Clemens
396 1618 558 1680 Alex.
586 1618 673 1699 (2)
693 1665 708 1694 .,
738 1621 1043 1700 Gregorius
1074 1622 1344 1681 Nazianz.
1370 1622 1458 1703 (3)
1483 1634 1659 1704 atque
1682 1624 2077 1685 Theodoretus
2107 1627 2219 1706 (4).

108 1717 259 1776 Hinc
305 1718 478 1776 etiam
517 1715 681 1775 Pauli
728 1716 1017 1799 interpres
1066 1720 1322 1777 Joannes
1372 1719 1669 1799 Chrysost.
1712 1719 1870 1800 quod
1909 1721 2117 1781 Paulus
2140 1723 2224 1785 ¹in

109 1811 331 1889 objecto
363 1811 487 1870 loco
505 1821 727 1892 χάρισμα
742 1824 1050 1874 vocaverat
1078 1859 1094 1886 ,
1119 1815 1241 1895 ipse
1255 1823 1398 1894 χάριν
1424 1815 1691 1895 exposuit
1714 1814 1820 1895 (5).
1868 1815 2002 1875 Ideo
2030 1829 2227 1877 autem

111 1907 320 1966 Paulus
344 1907 701 1988 impertitam
733 1908 978 1988 gratiam
1000 1908 1304 1968 Timotheo
1328 1909 1519 1968 dicere
1546 1909 1751 1968 maluit
1773 1919 2026 1991 χάρισμα,
2048 1935 2227 1993 quam

109 2010 286 2082 χάριν,
312 2002 445 2083 quia
477 2001 688 2060 scilicet
718 2001 876 2060 Ordo
900 2013 1026 2060 tum
1049 2004 1228 2082 gratia
1254 2004 1647 2062 sanctificante
1679 2005 1935 2064 initiatos
1963 2019 2132 2086 auget
2164 2019 2224 2067 et

111 2096 370 2155 cumulat
389 2142 405 2171 ,
441 2107 569 2155 tum
592 2095 824 2156 eosdem
851 2097 1051 2156 multis
1078 2109 1359 2179 praeterea
1387 2098 1556 2157 donis
1587 2112 1831 2158 exornat
1865 2102 1939 2160 ad
1973 2102 2222 2162 aliorum

17 2260 19 2263 f
47 2219 48 2222 ¹
111 2191 418 2251 utilitatem
438 2204 497 2251 et
523 2191 790 2251 salutem.
824 2193 1094 2274 Apposite
1118 2192 1558 2273 Chrysostomus
1581 2194 1661 2253 ita
1681 2194 1861 2255 verba
1886 2199 2223 2278 posterioris

113 2286 367 2367 epistolae
402 2286 476 2346 ad
503 2287 872 2346 Timotheum
903 2299 1137 2347 enarrat
1177 2310 1194 2347 ς
1231 2290 1532 2348 Admoneo
1570 2300 1620 2347 te
1649 2302 1719 2347 ut
1742 2296 2050 2352 resuscites
2075 2316 2226 2374 qra-

113 2386 262 2439 tiam
293 2385 440 2452 Dei,
475 2387 577 2441 lioc
604 2393 712 2452 est,
732 2387 1004 2463 qratiam
1033 2387 1325 2463 spiritus,
1355 2406 1542 2463 qua-m
1568 2390 1886 2465 accepisti,
1913 2400 1982 2446 ut
2005 2396 2227 2469 proesz's

116 2475 420 2545 Ecclesiae,
455 2487 527 2534 ut
554 2483 730 2556 sayna
761 2479 900 2536 edas
937 2489 991 2536 et
1023 2481 1257 2537 cultum
1294 2500 1527 2537 omnem
1562 2482 1860 2540 exhibea&
1905 2484 2094 2542 Penes
2119 2506 2226 2543 nos

115 2590 279 2626 emm
314 2580 399 2627 est
427 2572 600 2627 ellam
632 2573 720 2628 vel
752 2577 1095 2651 extinyuere
1145 2575 1235 2640 vel
1268 2575 1583 2631 accendere
1615 2575 1726 2653 (6).
1765 2575 1992 2647 Quibus
2031 2578 2226 2640 verbis

108 2655 374 2742 qratiam
406 2667 601 2743 gyratis
629 2666 844 2722 datam
888 2666 945 2724 S.
988 2668 1200 2724 Doctor
1242 2668 1324 2726 ita
1369 2681 1820 2743 commemorat,
1861 2682 1925 2729 ut
1973 2675 2221 2754 gratiam

115 2751 568 2817 sanctificantem
619 2759 861 2818 minime
901 2759 1189 2819 excludat.
1246 2763 1434 2843 Atque
1492 2763 1603 2822 hoc
1655 2764 1829 2823 modo
1893 2768 2223 2848 explicandi

114 2863 251 2910 sunt
280 2853 454 2911 ceteri
480 2838 739 2912 Ecclesiae
773 2855 1009 2929 PatreS‚
1047 2856 1147 2937 qui
1180 2856 1344 2915 Pauli
1376 2857 1559 2917 verba
1597 2858 1693 2920 vel
1722 2860 1797 2919 de
1832 2863 2012 2940 gratia
2051 2866 2224 2924 mira-

183 3055 252 3122 (1)
290 3060 353 3107 Ου’
330 3080 390 3120 vx
420 3061 473 3112 ὦς
498 3057 885 3127 τέπαροέπτωμα,
908 3059 1015 3111 οὕτω
1038 3058 1115 3111 καὶ
1200 3061 1544 3130 Xoe'ptrpm‚§3.

116 3160 165 3186 το
200 3136 427 3205 χάρισμα.
946 3180 949 3182 -
1270 3145 1334 3210 (5)
1371 3144 1522 3194 Hom.
1553 3132 1901 3214 1‚in1iEpist.
1920 3149 1985 3196 ad
2006 3150 2221 3199 Timoth.

185 3220 248 3283 (2)
293 3222 596 3289 Poedayoqi,
641 3224 730 3275 lib.
781 3242 839 3287 1,
884 3244 987 3292 cap.
1040 3225 1115 3289 6,
1202 3245 1301 3292 cap.
1331 3244 1350 3276 1
1378 3264 1391 3287 ‚
1421 3245 1473 3275 n.
1513 3244 1559 3274 2.

115 3316 221 3367 pag.
252 3302 369 3368 931.
1271 3307 1332 3373 (6)
1377 3306 1625 3372 Tauria-re,
1656 3307 1732 3366 ‘enin
1764 3308 1890 3376 χάριν
1918 3319 1997 3359 τοῦ
2012 3309 2221 3376 Πνεῦμω-

188 3382 252 3446 (3)
292 3382 420 3434 Orat.
446 3403 519 3447 xz,
547 3406 651 3455 pag.
686 3386 802 3438 638.
1203 3413 1308 3451 τος,
1342 3386 1387 3445 ὃν
1423 3389 1588 3451 ἔλαβες
1629 3396 1688 3444 εἷς
1720 3390 1994 3458 προστασίαν
2037 3400 2118 3451 τῆς
2149 3397 2222 3444 ἔκ-

186 3463 249 3528 (lb)
285 3465 428 3530 Epist.
470 3467 666 3520 Graecor.
704 3472 989 3520 decretorum
1015 3489 1118 3537 cap.
1203 3470 1429 3534 κλησ-ιάς,
1467 3478 1525 3526 εἷς
1562 3475 1760 3536 σημεῖα,
1803 3478 1861 3527 εἷς
1899 3472 1974 3530 τᾶν
2013 3476 2219 3544 λατρείαν

119 3543 214 3606 28,
246 3557 361 3596 tom.
391 3563 456 3608 lv,
495 3567 597 3616 pag.
641 3551 758 3602 316.
799 3553 907 3602 Haee
942 3554 1121 3620 aliaque
1202 3552 1403 3605 dorae-m·
1445 3558 1482 3605 ἐν
1514 3557 1614 3620 ἡμῖν
1646 3553 1734 3622 γάρ
1776 3554 1870 3606 ἐστὶ
1900 3557 1978 3608 καὶ
2014 3559 2217 3622 σςέσ-οιι,

75 3699 78 3701 ¹
118 3628 326 3693 exempla
355 3630 441 3678 cfr.
473 3633 592 3696 apud
620 3632 860 3683 Suicerum
895 3637 945 3683 in
991 3635 1118 3682 The·
1203 3635 1280 3687 καὶ
1313 3637 1494 3699 initiam
1529 3642 1675 3688 τοὸτο.
1699 3640 1811 3689 Loc.
1844 3643 1925 3691 cit.
1955 3660 2067 3709 opp.
2100 3653 2218 3694 tom.

116 3723 255 3757 sauro
317 3709 503 3763 Eccles.
553 3723 669 3766 tom.
710 3732 779 3777 11,
846 3717 904 3766 ad
959 3734 1121 3767 vocem
1203 3732 1269 3784 xi,
1292 3739 1394 3787 pag.
1415 3717 1538 3784 661,
1570 3721 1682 3772 edit.
1711 3721 1862 3772 Maur.

194 3790 257 3848 T.
301 3791 426 3851 VII.
1859 3802 1894 3858 6
