2508 4120
409 175 533 211 car.
582 176 670 209 111.
724 175 790 210 nn
839 173 1235 211 immunimus
1279 170 1658 222 mnmmoml,
1704 170 1824 206 mc.
2079 145 2193 206 327

85 316 428 392 adversarii,
475 316 573 397 qui
609 337 714 375 nos
749 327 1010 375 auctores
1052 314 1366 376 invasionis
1399 313 1714 393 illegitimae
1753 312 2021 370 incusant
2043 355 2058 383 ,
2105 332 2196 368 as-

80 413 311 491 signent
336 422 600 493 tempuS,
641 410 878 492 quando
911 410 1036 468 haec
1056 409 1360 490 potestatis
1379 407 1717 487 legislativae
1739 405 1960 468 invasio
1986 404 2059 463 ab
2089 406 2195 464 Ec-

80 506 248 566 clesia
278 507 402 565 fieri
437 506 645 587 coepit3
679 515 944 585 retegant
975 515 1129 563 artes
1154 514 1214 562 et
1236 502 1695 561 machinationes
1717 547 1732 576 ,
1767 499 1976 582 quibus
2009 498 2200 559 ambi·-

78 603 291 660 tiosum
336 600 480 678 adeo
527 599 834 660 consilium
880 599 957 658 ad
1006 608 1277 679 optatum
1323 598 1547 656 exitum
1588 595 1835 656 Ecclesia
1880 594 2200 678 perducere

78 697 277 754 molita
322 696 419 754 sit.
464 694 695 754 Fierine
740 694 967 775 potuit,
1005 703 1071 749 ut
1112 712 1316 751 omnes
1348 690 1648 750 christiani
1683 689 1839 749 orbis
1880 690 2156 750 Praesules
2180 735 2196 764 ,

76 792 233 872 iique
270 790 655 867 sanctissimi,
687 791 750 847 in
791 810 977 846 unum
1016 788 1349 869 conspirare
1387 786 1688 867 potuerint
1731 785 1808 844 ad
1843 785 2032 845 aliena
2064 790 2198 864 jura

72 884 451 965 usurpanda?
501 882 798 965 Numquid
836 881 1200 951 clanculum,
1250 903 1326 939 an
1373 901 1512 940 vero
1554 890 1754 961 aperte
1794 878 1859 937 id
1898 890 2202 960 pertenta·

70 978 255 1038 runt?
307 982 378 1038 At
415 978 707 1061 quomodo
754 999 929 1037 nemo
964 999 1036 1036 ex
1074 978 1142 1036 iis
1169 1021 1185 1051 ,
1215 997 1466 1058 quorum
1504 975 1760 1034 maxime
1802 976 2084 1035 intererat
2127 975 2201 1036 de

72 1074 287 1133 violato
319 1079 454 1153 jure
500 1073 787 1147 clamare,
835 1072 1222 1131 insurrexerit
1269 1071 1550 1132 adversus
1598 1069 1752 1129 hanc
1799 1070 2213 1145 invasionem,

74 1190 256 1228 nemo
283 1179 630 1250 conquestus
663 1168 739 1226 sit
776 1189 845 1226 ex
887 1178 976 1226 tot
1017 1164 1385 1248 Principibus
1421 1166 1494 1224 de
1529 1164 1782 1246 propriis
1810 1163 2039 1242 juribus
2064 1165 2207 1225 adeo

72 1263 368 1340 sollicitis,
390 1285 462 1322 ex
490 1274 576 1322 tot
599 1261 801 1322 aulicis
826 1254 886 1321 et
916 1262 1251 1342 Principum
1287 1258 1741 1319 assentatoribus
1759 1258 1789 1318 '?
1827 1261 1976 1319 Cum
2007 1272 2210 1340 agatur

70 1357 142 1416 de
179 1359 341 1438 gravi
397 1357 540 1416 adeo
591 1357 1032 1430 criminatione,
1095 1377 1216 1414 non
1263 1354 1611 1432 conjecturis
1648 1365 1750 1412 aut
1784 1355 2209 1436 suspicionibus

66 1452 533 1532 indulgendum,
575 1451 679 1511 sed
715 1451 1084 1511 documentis
1119 1471 1186 1509 ea
1224 1448 1662 1530 comprobanda
1701 1460 1790 1507 est
1812 1494 1828 1523 ,
1875 1471 2006 1530 quae
2042 1449 2204 1508 nulla

66 1567 302 1627 prorsus
342 1547 466 1606 sive
498 1544 573 1604 ab
598 1556 861 1627 apostata
897 1543 1224 1626 Spalatensi
1254 1544 1378 1604 sive
1414 1542 1488 1601 ab
1514 1547 1638 1621 ejus
1675 1542 2022 1624 sequacibus
2065 1544 2201 1604 huc·

66 1663 251 1722 usque
281 1641 528 1721 proferri
574 1650 916 1722 potuerunt.
952 1639 1455 1698 Calumniatorum
1493 1649 1805 1720 propterea
1850 1650 2054 1697 notam
2086 1662 2206 1699 non

66 1735 375 1814 effugiunt.
1622 1741 1627 1744 ’

148 1830 291 1888 225.
342 1830 429 1888 Ad
480 1830 633 1904 llm,
679 1830 828 1910 Ney.
877 1831 1053 1909 Leges
1094 1829 1254 1887 enim
1295 1839 1356 1886 et
1401 1841 1655 1887 canones
1696 1837 1798 1884 aut
1847 1825 2206 1884 Pontificum

69 1926 347 2007 rescripta
367 1969 384 2000 ,
411 1924 621 2006 quibus
634 1924 1054 2007 impedimenta
1080 1922 1519 1982 Matrimonium
1543 1920 1875 1980 dirimentia
1903 1940 2210 2001 apponun-

72 2031 171 2078 tur
196 2066 211 2092 ,
240 2020 410 2100 longe
442 2020 790 2101 antiquitate
809 2030 1091 2100 superant
1115 2017 1375 2077 seculum
1397 2017 1497 2091 IX,
1523 2016 1759 2098 quando
1782 2016 2041 2098 primum
2070 2036 2207 2096 pro-

70 2114 227 2174 diere
280 2116 483 2174 Isidori
523 2115 857 2175 decretales.
907 2114 1297 2188 Recolantur‚
1331 2133 1464 2193 quae
1507 2113 1772 2193 superius
1819 2110 2198 2170 adduximus,

70 2211 293 2269 Merces
322 2211 656 2270 isidorianae
686 2222 825 2269 sunt
849 2231 1082 2291 semper
1118 2219 1484 2290 postremum
1506 2206 1786 2285 effugium
1809 2204 2207 2265 ecclesiasticae

71 2308 376 2387 potestatis
401 2329 635 2366 osorum
660 2352 675 2382 ,
712 2307 982 2390 quamvis
1003 2305 1324 2365 sexcenties
1349 2303 1498 2363 illud
1526 2303 1702 2363 fuerit
1739 2302 1814 2361 ad
1842 2302 2096 2362 nihilum
2121 2324 2209 2362 re-

74 2399 309 2459 dactum
343 2412 518 2482 atque
541 2404 855 2484 protritum
877 2401 987 2481 (l).
1019 2403 1220 2481 Neque
1250 2398 1400 2457 illud
1427 2398 1825 2456 omittendum
1851 2407 1941 2456 est
1959 2441 1975 2472 ,
2010 2396 2167 2478 quod
2186 2441 2203 2472 ,

77 2583 353 2624 mantenuto
379 2613 392 2636 ‚
431 2575 487 2623 ed
508 2578 752 2624 esercitato
783 2593 930 2624 senza
949 2579 1092 2624 inter·
1180 2593 1256 2640 op.
1291 2577 1369 2622 cit.
1391 2584 1510 2639 part.
1538 2591 1573 2634 1,
1590 2584 1676 2622 art.
1698 2588 1727 2621 2
1750 2608 1766 2633 ,
1796 2590 1900 2639 cap.
1917 2571 1950 2621 8
1965 2611 1977 2634 ‚
2000 2591 2079 2622 seu
2094 2574 2206 2623 edit.

78 2660 281 2704 ruzione
320 2673 411 2722 per
447 2674 609 2705 mezzo
643 2657 695 2704 di
718 2657 1094 2722 frequentissimi
1181 2659 1263 2705 cit.
1293 2672 1404 2722 pag.
1432 2653 1531 2722 697
1550 2691 1564 2715 ,
1598 2656 1845 2704 Pontifices
1871 2658 1934 2704 ita
1952 2655 2205 2721 sesgessisse

77 2741 165 2787 atti
187 2742 342 2804 uotmj
360 2776 375 2796 ‚
408 2755 495 2787 con
515 2740 720 2805 perfetta
751 2741 1094 2804 acquiescenza
1127 2733 1130 2737 ’
1174 2755 1266 2808 per
1300 2747 1584 2803 usurpatam·
1615 2740 1671 2786 in
1694 2754 1776 2785 eas
1804 2738 2207 2803 eausasjurisdi-

78 2819 194 2868 delle
205 2823 337 2886 parti
358 2825 653 2880 interessate,
667 2822 724 2886 fa
733 2838 1008 2887 presumere
1025 2838 1096 2869 un
1181 2823 1404 2868 ctionem.
1439 2820 1619 2869 Deinde
1651 2820 1732 2868 alii
1766 2822 1938 2886 passim
1956 2821 2078 2869 idem
2099 2820 2210 2869 effa-

80 2900 349 2965 qualunque
373 2903 470 2967 pia
490 2903 647 2965 qiusto
688 2901 850 2965 titolo3
896 2920 919 2949 e
956 2902 1039 2951 che
1067 2919 1096 2949 a
1185 2911 1284 2949 tum
1306 2939 1320 2964 ,
1356 2912 1505 2950 tantos
1551 2905 1694 2951 secuti
1722 2904 1986 2967 magisth,
2013 2903 2206 2967 adopta·

82 2980 269 3044 toqliere
306 2981 344 3029 il
362 2983 524 3031 dz‘ritto
545 3020 558 3043 ,
579 3000 676 3031 non
719 2984 851 3032 hasta
878 3001 947 3031 un
978 2983 1098 3032 dub·
1187 2995 1319 3033 runt.

83 3061 158 3110 bio
177 3063 353 3122 ,anche
368 3065 613 3132 probabile
643 3067 699 3113 in
726 3066 963 3114 contrario
990 3104 1004 3122 ,
1023 3083 1101 3113 ma
1219 3121 1223 3123 ¹
1261 3066 1324 3130 (l)
1361 3065 1478 3116 Vere
1506 3072 1674 3116 nostris
1694 3068 1964 3117 adversariis
1991 3066 2204 3131 applicari

86 3161 210 3192 esser
231 3145 398 3213 d’uopo
421 3186 433 3207 ,
460 3147 607 3195 chela
636 3146 764 3195 „vala
773 3148 880 3212 sede
898 3149 972 3196 sia
992 3166 1105 3198 con·
1191 3158 1400 3213 possunt,
1430 3167 1530 3214 quae
1552 3149 1609 3197 de
1634 3149 1928 3210 Lutheranis‚
1944 3147 2212 3196 Calvinistis

87 3220 455 3276 cludentememe
476 3237 679 3295 provata
700 3229 761 3276 da
776 3229 855 3277 chi
872 3232 915 3277 si
926 3230 1108 3296 prende
1195 3230 1388 3295 aliisque
1430 3231 1656 3279 haereticis
1701 3232 1879 3295 scripsit
1925 3228 2029 3276 Van
2068 3228 2212 3295 Espe-

90 3324 120 3353 a
156 3310 478 3359 contrastarlo.
510 3309 620 3360 Vid.
656 3310 797 3377 hujus
838 3313 927 3360 loci
969 3314 1111 3362 latina
1197 3314 1302 3359 nius
1336 3328 1350 3358 ε
1397 3310 1555 3358 Omne
1589 3311 1942 3359 Catholicorum
1977 3327 2104 3377 pene
2134 3328 2215 3359 ar·

89 3383 325 3431 translatio
353 3385 412 3433 ad
428 3386 598 3434 calcem
620 3387 881 3436 voluminis.
899 3388 1113 3437 Attamen
1133 3443 1138 3453 λ
1199 3395 1571 3442 momentarium
1585 3402 1798 3459 ereptum
1810 3394 1879 3440 iri
1893 3393 2216 3450 crediderunt,

91 3462 367 3528 spalatensis
407 3465 584 3516 dictum
631 3467 814 3517 iteravit
849 3469 1113 3538 Launojus‚
1201 3479 1248 3524 si
1282 3475 1368 3523 has
1391 3474 1641 3523 decretales
1673 3475 2013 3544 (isidorianas)
2042 3492 2216 3542 suppo-

91 3547 185 3593 imo
216 3547 407 3595 ulterius
445 3566 705 3614 progressus
750 3561 844 3612 est,
876 3552 1008 3612 dum,
1048 3570 1119 3601 re·
1205 3560 1386 3606 siliciae
1404 3574 1498 3617 esse
1513 3559 1770 3623 probarem
1799 3561 1944 3625 (part.
1972 3575 2214 3623 1v‚cap.1‚

90 3627 208 3693 jecto
247 3632 627 3696 praescriptionis
674 3633 806 3682 titulo
831 3672 843 3694 ‚
890 3635 1119 3693 affirmat,
1209 3637 1301 3704 34,
1347 3641 1464 3703 apud
1505 3639 1757 3705 marisga,
1780 3671 1785 3676 -
1806 3658 1880 3705 op.
1918 3643 1997 3689 cit.
2024 3656 2127 3705 cap.
2155 3637 2219 3701 5,,
