2508 4120
287 75 413 136 304
897 95 1217 136 'inmunis
1262 78 1345 135 »ις’
1374 96 1752 140 mnnmomo.

388 244 528 305 187.
579 244 754 323 Resp.
793 241 862 299 20
894 242 1055 301 Dz'st.
1099 241 1185 300 Ita
1218 252 1420 302 tamen
1457 253 1524 301 ut
1555 240 1844 301 Lutherus
1881 247 2161 322 ejusmodi
2185 253 2280 329 jus
2321 270 2431 310 ne·-

286 340 488 421 gando
526 336 802 395 humanae
832 338 1110 418 potestati
1138 349 1377 417 negaret
1416 337 1680 399 Ecclesiae
1716 337 1863 420 ipsi,
1902 360 2064 399 eone.
2086 364 2112 415 ς
2157 346 2431 425 potestati

288 434 478 507 civili,
502 455 630 512 neq.
653 432 718 491 ld
745 431 979 492 abunde
1004 445 1234 492 constat
1258 456 1330 493 ex
1351 433 1743 509 documenti3‚
1778 456 1909 517 quae
1937 456 2009 495 ex
2034 421 2288 499 Luthero
2309 444 2431 524 ipso

288 528 469 612 ‚paulo
510 540 648 588 ante
685 529 1012 613 retulimus.
1059 530 1171 589 Sed
1207 542 1272 588 ut
1308 530 1516 589 melius
1552 530 1791 590 Lutheri
1828 553 1995 590 mens
2034 531 2430 614 intelligatur.

287 625 588 705 integrum
615 629 736 703 ejus
770 636 1024 700 textum,
1051 638 1228 708 prout
1251 626 1540 706 legiturin
1557 625 1658 684 lib.
1682 628 1770 686 De
1801 631 2018 706 captiv.
2044 631 2436 709 Babylonica,

291 720 484 802 placet
523 721 873 782 describere.
922 724 1112 795 Dico,
1155 733 1212 783 et
1258 724 1421 802 quod
1462 725 1533 781 in
1570 745 1663 781 me
1710 733 1796 781 est
1835 726 2044 803 facio,
2086 747 2331 787 monens
2382 739 2439 788 et

290 839 512 898 royans
541 840 741 877 omnes
773 820 1098 878 sacerdotes
1127 830 1182 878 et
1205 823 1437 899 fratres
1455 863 1476 892 ,
1513 822 1574 878 si
1593 819 1860 878 viderint
1896 822 2149 900 aliquod
2171 825 2436 903 impedi-

291 925 599 985 mentum,
640 918 709 974 in
747 938 862 994 quo
904 920 1084 995 Papa
1114 927 1308 996 potest
1346 918 1736 996 dispensare,
1779 926 1834 974 et
1875 918 2035 995 qaod
2074 940 2192 978 non
2237 931 2320 979 est
2366 923 2438 980 in

292 1012 621 1091 Scriptura
646 1033 989 1092 expressum
1004 1055 1025 1085 ,
1055 1023 1127 1070 ut
1145 1035 1214 1071 ea
1239 1013 1645 1073 Matrimonia
1665 1012 2018 1089 confirment
2029 1057 2050 1085 ,
2074 1036 2209 1093 quoe
2232 1026 2440 1077 eontra

291 1110 717 1169 ecclesiasticas
732 1156 749 1179 ,
777 1114 1138 1189 tyrannicas
1163 1111 1252 1168 vel
1264 1110 1610 1192 pontificias
1632 1111 1778 1190 leqes
1798 1111 2045 1188 fuerint
2068 1123 2440 1174 contracta...

296 1205 658 1284 Conjunetio
682 1201 846 1264 enim
870 1210 1071 1266 viriet
1092 1207 1369 1266 mulieris
1393 1209 1652 1285 estjuris
1677 1208 1898 1278 divini,
1926 1229 2062 1288 quoe
2091 1218 2263 1281 tenet,
2289 1230 2442 1289 quo-

291 1323 547 1382 cumque
570 1303 740 1361 modo
753 1314 964 1362 eontra
984 1309 1129 1383 levqes
1151 1305 1470 1362 hominum
1487 1308 1817 1384 eontiqerit,
1837 1307 2156 1385 debentque
2171 1312 2316 1386 leqes
2333 1306 2439 1365 Ιιο-

294 1404 538 1458 minum
579 1403 641 1458 ei
663 1400 934 1458 cedere...
965 1403 1097 1458 sine
1123 1402 1243 1459 ullo
1265 1401 1551 1480 scrupulo
1581 1400 1691 1482 (2).
1712 1402 1928 1481 Scopus
1954 1423 2088 1482 ergo
2112 1402 2440 1486 praeeipuus

295 1496 560 1570 Lutheri‚
581 1519 756 1578 quem
779 1509 934 1557 recte
955 1496 1165 1556 thesim
1196 1498 1412 1557 dixeris
1433 1544 1448 1573 ‚
1478 1510 1596 1571 est,
1627 1499 1785 1580 quod
1807 1499 2063 1561 debeant
2091 1522 2123 1558 a
2158 1498 2440 1559 Sacerdo-

303 1592 463 1652 tibus
492 1594 796 1652 confimari
815 1592 1186 1653 Matrimonia
1214 1596 1358 1653 inita
1377 1607 1579 1654 contra
1594 1595 1748 1676 leges
1775 1597 2181 1657 ecclesiasticas
2210 1608 2269 1656 et
2284 1619 2440 1679 pon-

295 1690 521 1751 tificias.
556 1691 747 1762 Quare
775 1689 959 1752 vero‘?
994 1691 1139 1763 Quia
1174 1691 1600 1772 impedimenta
1635 1692 2015 1752 ecclesiastica
2047 1704 2107 1752 et
2140 1692 2442 1774 pontificia

295 1807 421 1844 non
445 1796 585 1843 sunt
608 1805 882 1867 expressa
911 1786 974 1844 in
1007 1786 1191 1845 Sacris
1218 1787 1482 1861 Litteris3
1514 1786 1668 1866 leges
1699 1800 1896 1847 autem
1919 1787 2194 1847 humanae
2233 1787 2442 1848 cedere

296 1880 520 1941 debent
543 1879 653 1960 legi
676 1880 918 1956 divinae,
950 1881 1198 1964 ideoque
1214 1881 1446 1941 nullum
1468 1887 1561 1962 jus
1575 1882 1848 1943 humanae
1866 1884 2143 1964 potestati
2160 1884 2220 1942 in
2241 1883 2444 1943 Matri-

296 1979 578 2038 monium
603 1988 691 2036 est
714 1977 1119 2037 tribuendum.
1146 1977 1368 2052 Quibus
1391 1979 1594 2060 positis
1616 2024 1631 2052 a
1657 1980 1735 2038 sic
1775 2002 2009 2038 rursum
2034 1980 2466 2062 intorquemus

295 2074 770 2136 adversariorum
802 2086 1220 2153 argumentum
1253 2075 1316 2132 in
1354 2075 1510 2156 ipsos
1527 2074 1638 2134 hoc
1676 2075 1853 2135 modo
1887 2099 1900 2134 ε
1939 2075 2028 2135 Ad
2065 2075 2199 2134 fidei
2233 2075 2442 2155 dogma

298 2170 449 2230 illud
472 2170 773 2251 pertinere
803 2168 1120 2228 dicendum
1147 2180 1236 2228 est
1256 2214 1272 2243 .‚
1313 2169 1471 2250 quod
1509 2171 1870 2252 praecipuum
1902 2170 2084 2231 veluti
2121 2170 2229 2229 sibi
2262 2172 2446 2231 finem

304 2267 616 2350 proposuit
641 2267 908 2348 Synodus
931 2312 947 2341 ,
1000 2286 1128 2348 quae
1153 2266 1214 2325 in
1239 2289 1307 2327 eo
1330 2276 1452 2325 tota
1478 2266 1587 2324 fuit
1605 2313 1621 2341 ,
1666 2279 1733 2325 ut
1758 2266 2000 2326 Lutheri
2042 2278 2448 2327 commentum

297 2362 715 2437 labefactaret3
749 2363 911 2445 atqui
940 2362 1231 2422 Lutherus
1252 2363 1559 2444 ,praecipue
1586 2361 1997 2422 ecclesiasticas
2031 2374 2091 2422 et
2118 2363 2446 2445 pontificias

297 2459 455 2540 leges
502 2460 770 2540 conjugia
807 2459 1155 2519 dirimentes
1190 2457 1580 2541 repudiabatz,
1624 2479 1760 2537 ergo
1793 2457 2137 2517 Tridentina
2177 2458 2446 2540 Synodus

300 2555 413 2615 hoc
446 2555 629 2615 veluti
667 2556 1030 2639 praecipuum
1061 2557 1241 2615 finem
1282 2553 1390 2613 sibi
1422 2554 1758 2637 proposuit.
1794 2565 1860 2613 ut
1888 2565 2169 2615 assereret
2196 2577 2296 2615 seu
2332 2554 2448 2614 de-

301 2651 499 2711 finiret
540 2652 804 2712 Ecclesiae
843 2662 1199 2734 potestatem
1241 2649 1539 2711 condendi
1577 2649 1911 2728 hujusmodi
1948 2650 2139 2732 leges3
2186 2664 2247 2712 et
2285 2649 2443 2733 quod

362 2859 435 2925 (l)
476 2857 603 2924 Opp.
630 2857 741 2906 edit.
775 2856 881 2907 Jen.
926 2854 1052 2924 1557
1072 2894 1085 2917 ,
1114 2866 1231 2904 tom.
1256 2873 1290 2903 11
1317 2892 1331 2916 ‚
1418 2873 1501 2904 ror
1533 2864 1601 2903 est
1627 2854 1875 2903 intendere
1908 2858 1964 2904 in
1998 2857 2306 2905 temeritatem
2344 2854 2444 2906 Ro-

303 2942 388 2990 fol.
419 2940 524 3008 295
552 2979 564 3002 ‚
595 2956 747 2988 verso.
775 2940 943 3005 Incipit
971 2950 1129 2988 autem
1167 2938 1336 2986 Luthe·
1418 2940 1729 2986 manensiam
1758 2946 2078 3003 tyrannorum
2094 2977 2111 3001 ‚
2137 2939 2252 2987 adeo
2272 2956 2364 3005 pro
2386 2938 2446 2987 li-

302 3041 382 3072 rus
419 3034 565 3071 totam
597 3023 720 3070 hane
754 3021 1140 3069 declamationem
1158 3055 1176 3082 ,
1210 3019 1332 3068 ibid.
1419 3021 1586 3068 bidine
1613 3037 1703 3068 sua
1731 3020 2071 3070 dirimentium
2096 3059 2109 3083 ‚
2143 3039 2338 3069 rursum
2364 3038 2445 3070 eo-

303 3106 390 3156 sol.
412 3103 510 3172 295
532 3143 545 3166 ‚
585 3113 709 3153 reeta
728 3142 742 3164 ‚
774 3103 847 3151 his
865 3101 1020 3151 verbis
1036 3141 1049 3162 ‚
1074 3103 1248 3169 quibus
1264 3102 1339 3150 lu·
1416 3105 1637 3169 ¹(lentium
1679 3103 2069 3153 filatrimonia...
2113 3103 2300 3152 Verum
2321 3120 2449 3168 qau-

306 3189 535 3237 culentius
567 3188 826 3237 ostenditur
845 3189 949 3253 ejus
982 3204 1145 3250 scopus
1166 3203 1179 3233 ι
1198 3183 1337 3234 Hac·
1423 3186 1507 3234 deo
1539 3187 1646 3234 istis
1673 3185 1907 3234 decoro-sis
1940 3184 2124 3252 leqibus
2153 3203 2291 3235 suam
2333 3193 2445 3233 tan-

307 3280 444 3319 tenus
464 3272 520 3320 de
550 3271 893 3320 Matrimonia.
924 3269 1061 3335 Quid
1085 3278 1245 3318 autem
1262 3270 1339 3319 di·
1420 3269 1526 3317 dem
1544 3272 1799 3334 contiqisse
1825 3268 2045 3334 gloriam.
2067 3258 2442 3335 Nempeearam

308 3370 470 3403 cemus
517 3353 574 3401 de'
601 3356 772 3421 impiis
819 3352 1001 3419 leqilms
1045 3352 1333 3416 leontinum,
1420 3351 1647 3416 beneficio
1682 3350 1821 3399 hodie
1850 3351 2174 3399 Romanenses
2187 3351 2313 3416 facti
2327 3355 2445 3398 sunt

310 3435 486 3501 quibus
502 3435 587 3484 hoe
614 3439 725 3485 vitae
751 3453 905 3503 yemis
924 3474 936 3497 ‚
980 3434 1227 3484 divinitas
1255 3436 1335 3482 in·
1418 3434 1832 3483 nundinatores...
1871 3433 1920 3482 0
1938 3434 2089 3499 diqna
2113 3431 2439 3497 Pontificibus

308 3520 564 3580 stitutum,
619 3527 689 3567 est
727 3521 970 3568 irretitum
991 3556 1005 3579 ‚
1050 3534 1243 3566 sarsum
1278 3534 1335 3566 ae
1418 3518 1592 3565 nostrie
1624 3517 1882 3582 neqotiatio
1905 3555 1919 3579 ,
1955 3527 2041 3567 ete.
2075 3515 2199 3582 Quid
2234 3515 2439 3563 clarius?

310 3601 532 3652 deorsum
559 3610 814 3652 tractatum
832 3604 866 3651 P
892 3601 1023 3653 Deus
1053 3602 1171 3651 bone
1194 3638 1209 3662 ,
1226 3600 1335 3648 horu
