2508 4120
2129 140 2243 199 367

676 169 798 205 CAP.
848 168 928 207 lv.
977 168 1044 203 DE
1089 164 1457 204 MA'rmmouns
1505 164 1710 202 MIXTIS.

133 322 419 393 quatenus
457 310 772 391 opponitur
807 309 1071 388 religioni
1107 329 1208 368 seu
1249 307 1510 368 Ecclesiae
1547 305 1877 377 catholicae,
1919 315 1978 363 et
2012 325 2248 364 conser-

135 404 327 465 vanda
355 416 415 464 et
436 403 855 487 promovenda.
889 405 1050 462 Tunc
1078 401 1300 462 collatis
1335 401 1600 461 omnium
1624 399 1829 460 studiis
1862 399 2023 458 omni
2041 444 2058 474 ,
2103 420 2250 481 qua-

135 521 383 581 cumque
406 510 651 581 possunt
669 542 688 572 ,
713 520 823 580 ope
854 518 1227 578 corrumpere
1257 495 1582 556 Catholicos
1611 496 1888 554 nituntur
1921 505 2098 576 atque
2124 516 2251 576 per-

135 607 397 668 vertere3
443 594 518 652 ad
547 615 608 653 se
635 615 731 652 eos
763 592 997 653 trahere
1025 591 1231 674 quavis
1265 592 1493 650 ratione
1525 601 1830 670 satagunt,
1867 601 1928 650 et
1969 588 2252 671 impedire

134 710 371 748 suorum
394 687 651 747 reditum
672 686 748 747 ad
781 686 1123 747 catholicam
1150 684 1364 758 fidem3
1399 690 1913 765 proselytz‘smum,
1936 706 2112 767 quem
2142 686 2251 744 Ca·

139 784 361 843 tholicis
395 782 754 865 exprobant,
792 782 1001 848 mediis
1025 782 1202 841 etiam
1225 781 1441 863 iniquis
1469 802 1818 863 promovere
1847 803 1971 840 non
2014 780 2255 842 erubes-

135 890 279 937 cunt
310 879 415 959 (1).
450 879 601 937 Hinc
638 877 984 958 intelligitur
1004 922 1021 951 ‚
1050 898 1167 958 quo
1210 897 1385 936 sensu
1415 897 1477 936 se
1522 875 1838 936 tolerantes
1866 922 1882 951 ,
1931 875 2255 938 Catholicos

139 994 278 1032 vero
320 973 702 1034 intolerantes
740 972 1079 1056 praedicent.
1112 973 1340 1053 Nempe
1381 992 1454 1030 ex
1497 991 1699 1030 eorum
1735 982 1935 1031 mente
1975 970 2256 1032 Catholici

137 1069 519 1129 intolerantes
562 1081 723 1144 sunt,
750 1091 819 1129 eo
859 1067 1016 1150 quod
1035 1112 1051 1143 ‚
1078 1067 1212 1127 licet
1242 1067 1507 1128 homines
1547 1067 1827 1148 diligant,
1869 1067 2002 1128 odio
2034 1067 2259 1130 habent

135 1185 338 1224 eorum
370 1185 628 1238 errores3
674 1176 875 1223 contra
910 1185 1050 1223 vero
1071 1184 1131 1222 se
1166 1162 1483 1222 tolerantes
1523 1164 1915 1245 profitentur,
1952 1185 2021 1224 eo
2061 1164 2256 1246 quod,

139 1259 376 1342 dempta
419 1260 666 1319 veritate
701 1263 939 1340 ejusque
977 1258 1218 1318 sinceris
1255 1257 1610 1332 cultoribus,
1649 1280 1796 1340 quos
1831 1270 1899 1317 ut
1934 1258 2258 1340 plurimum

139 1354 269 1414 odio
302 1354 526 1414 habent
557 1365 616 1414 et
650 1364 1118 1436 persequuntur,
1162 1351 1418 1413 tolerent
1460 1373 1685 1432 errores
1715 1362 1923 1415 ‘omnes
1967 1355 2080 1437 (2).
2121 1355 2259 1415 Haec

139 1586 363 1634 Israelitas
393 1586 526 1651 plena
558 1586 648 1634 frui
677 1603 807 1650 posse
835 1587 1046 1636 libertate
1062 1624 1077 1648 ,
1108 1598 1151 1636 et
1309 1586 1503 1650 (1)Huc
1521 1588 1786 1637 referuntur
1805 1588 2057 1637 calumniae
2082 1625 2097 1649 ,
2122 1606 2259 1638 men-

138 1669 331 1732 propriis
357 1669 579 1716 institutis
601 1670 652 1716 in
683 1669 769 1728 iis,
812 1683 921 1734 quae
955 1668 1014 1717 ad
1043 1669 1153 1717 reli·
1238 1668 1370 1716 dacia
1387 1701 1404 1727 ,
1425 1669 1608 1717 fraudes
1625 1670 1903 1733 omnigenae,
1929 1669 2102 1736 quibus
2114 1670 2265 1723 solent

138 1752 320 1814 gionem
336 1759 563 1814 spectant,
586 1748 790 1814 legitime
810 1751 898 1813 uti3
921 1767 1019 1798 non
1039 1768 1152 1815 pau-

140 1849 217 1881 cos
262 1831 534 1881 idololatras
573 1834 763 1898 pacifice
804 1833 966 1899 degere
993 1870 1006 1888 ,
1040 1837 1155 1900 quin

142 1931 347 1979 unquam
365 1914 628 1963 molestiam
650 1917 873 1964 sustinere
893 1925 1118 1980 cogantur
1139 1953 1152 1973 ‚

141 2014 271 2059 posse
290 1999 426 2048 aliam
453 2000 724 2065 religionem
751 2002 986 2065 profiteri,
1014 2001 1155 2049 dum-

142 2080 282 2128 modo
309 2082 581 2130 catholicam
607 2085 807 2147 excipias
833 2099 848 2145 3
883 2080 1160 2130 Alcoranus

145 2163 366 2213 idiomate
384 2164 573 2213 arabico
587 2181 677 2231 pro
706 2165 921 2214 Islamitis
951 2166 1159 2233 ejusdem

142 2244 328 2310 Imperii
359 2246 576 2305 subditis,
610 2246 834 2296 Gubernii
865 2248 1125 2313 sumptibus
1144 2285 1158 2305 ,

144 2327 203 2374 ad
226 2344 385 2376 eorum
429 2328 728 2377 commodum
769 2346 956 2378 recusus
1005 2340 1072 2378 est
1106 2329 1160 2377 in

142 2405 259 2468 folio
280 2444 293 2466 ‚
344 2425 452 2455 cum
497 2412 742 2474 praecipuis
784 2413 1125 2459 commentariis
1143 2447 1155 2469 ,

147 2490 375 2555 Petropoli
430 2488 556 2538 1820
578 2528 591 2548 ‚
636 2509 778 2556 quem
820 2492 1008 2557 quidem
1067 2508 1160 2556 prae

148 2572 296 2620 oculis
343 2570 509 2622 habeo.
569 2571 692 2637 Quot
740 2588 847 2621 vero
899 2571 1155 2631 Catholici,

149 2652 294 2702 Graeci
335 2657 584 2719 praesertim
634 2657 751 2703 uniti
804 2673 884 2704 seu
923 2655 1128 2704 Rutheni
1144 2694 1157 2716 ‚

149 2739 410 2785 vexationes
438 2754 492 2785 ac
520 2739 859 2802 persecutiones
895 2737 1156 2802 patiantur,

149 2818 318 2883 quibus
335 2817 509 2867 artibus
520 2818 811 2884 decipiantur
822 2830 874 2868 ut
887 2820 944 2868 ad
961 2819 1158 2869 schisma

151 2918 197 2949 se
212 2902 465 2963 conferant,
487 2902 621 2967 paulo
643 2912 742 2967 post
765 2902 987 2951 dicemus.
1016 2902 1066 2951 Id
1084 2906 1159 2969 ip·-

153 3001 254 3031 sum
281 3001 396 3048 pene
431 2986 654 3050 contingit
674 2989 724 3033 in
746 3002 884 3050 regno
899 2985 1156 3037 Borussico.

152 3065 375 3114 Nonnulli
392 3069 443 3115 in
458 3066 616 3116 Galliis
631 3070 867 3134 conquesti
880 3078 1011 3130 sunt,
1032 3071 1159 3134 quod

154 3164 300 3195 novus
340 3149 628 3212 episcopatus
657 3159 832 3197 erectus
865 3150 1002 3199 fuerit
1022 3150 1159 3199 Juliae

153 3228 361 3276 Caesareae
382 3267 396 3288 ‚
428 3228 566 3293 vulgo
586 3228 776 3294 Alqieri
789 3229 955 3294 (Alger)
974 3268 987 3290 ‚
1004 3241 1056 3280 ut
1071 3233 1160 3281 hac

150 3311 325 3358 ratione
345 3313 416 3358 via
440 3321 712 3359 sterneretur
734 3310 945 3360 Islamitis
965 3313 1021 3361 ad
1054 3331 1156 3361 am·
1202 3326 1208 3333 ·

153 3390 439 3453 plectendam
473 3392 742 3456 religionem
771 3392 1087 3456 christianam,
1114 3394 1164 3443 id

152 3483 215 3520 est
238 3511 251 3533 ‚
280 3472 419 3521 fidem
444 3474 738 3524 catholicam.
763 3474 891 3523 ldem
918 3477 967 3523 in
994 3474 1166 3526 Helve-

151 3557 224 3604 tiae
252 3555 501 3621 provinciis
530 3557 788 3607 acatholicis
816 3560 997 3608 evenire
1016 3559 1164 3619 solet,

151 3649 197 3686 et
225 3639 335 3689 alibi
363 3642 553 3705 passim.

1239 1749 1544 1800 Protestantes
1571 1754 1621 1799 in
1651 1749 1814 1800 Galliis
1834 1789 1848 1811 ,
1893 1755 1941 1800 in
1981 1752 2144 1819 Anglia
2165 1793 2179 1815 ,
2211 1758 2262 1803 in

1241 1833 1496 1882 Provinciis
1524 1834 1754 1883 foederatis
1783 1833 2000 1883 Americae
2018 1872 2030 1895 ,
2069 1842 2160 1884 etc.
2186 1854 2264 1885 ca-

1244 1915 1464 1964 tholicam
1487 1915 1777 1980 religionem,
1803 1915 2065 1965 Romanam
2093 1916 2262 1968 Sedem

1243 2007 1289 2046 et
1302 1996 1475 2046 Urbem
1491 2031 1508 2059 ,
1523 1997 1695 2046 clerum
1714 1998 1999 2058 universum,
2015 2000 2151 2060 ritus,
2170 2011 2261 2051 etc.

1245 2077 1369 2144 apud
1397 2096 1503 2128 suos
1534 2089 1577 2127 et
1609 2079 1734 2144 apud
1760 2079 2018 2129 Catholicos
2044 2083 2263 2147 impetere

1247 2179 1301 2210 ac
1329 2161 1649 2210 dehonestare.
1672 2159 1895 2227 Quamvis
1924 2166 2179 2213 sexcenties
2207 2166 2266 2213 il-

1247 2243 1299 2290 lae
1314 2242 1513 2309 disjectae
1527 2243 1719 2303 fuerint,
1736 2261 1762 2291 a
1777 2242 2094 2294 diobolaribus
2106 2255 2265 2296 tamen

1244 2324 1544 2389 scriptoribus
1572 2343 1624 2374 ac
1654 2326 2018 2391 disputatoribus
2053 2330 2263 2395 quotidie

1244 2416 1553 2465 renovantur,
1596 2408 1789 2471 perinde
1830 2425 1884 2457 ac
1923 2412 1963 2457 si
1993 2412 2141 2475 prima
2169 2414 2267 2460 vice

1243 2488 1572 2552 proferrentur.
1600 2488 1870 2554 Excipiendi
1899 2500 2058 2541 tamen
2096 2509 2151 2541 ex
2176 2492 2267 2543 hoc

1249 2587 1445 2618 numero
1462 2580 1569 2618 sunt
1585 2587 1742 2634 graves
1768 2570 1985 2622 nonnulli
2001 2575 2262 2639 scriptores,

1244 2654 1326 2717 qni
1338 2652 1462 2701 hanc
1474 2653 1639 2718 agendi
1651 2655 1874 2704 rationem
1884 2655 2117 2722 dedignati
2129 2667 2255 2707 sunt.

1313 2734 1382 2798 (2)
1421 2733 1470 2783 Si
1500 2737 1604 2802 quis
1633 2735 1838 2785 conferat
1859 2735 2145 2801 libertatem,
2171 2758 2263 2807 qua

1245 2817 1468 2865 fruuntur
1507 2817 1812 2869 Protestantes
1860 2822 1911 2868 in
1943 2818 2108 2870 Galliis
2141 2831 2185 2871 et
2212 2824 2263 2871 in

1245 2899 1454 2967 Imperio
1491 2899 1730 2950 Austriaco
1762 2918 1872 2950 cum
1903 2903 2258 2966 vexationibus,

1245 2982 1417 3049 quibus
1466 2983 1675 3050 undique
1716 2994 1993 3049 premuntur
2038 2985 2261 3035 Catholici

1243 3067 1294 3125 in
1319 3065 1493 3114 ditione
1506 3065 1700 3114 Russica
1729 3076 1773 3115 et
1799 3065 2056 3126 Borussica‚
2086 3069 2260 3134 impos-

1245 3146 1377 3196 sibile
1412 3157 1478 3196 est
1495 3184 1508 3208 ,
1540 3157 1594 3195 nt
1618 3147 1920 3197 admiratione
1947 3166 2043 3196 non
2083 3150 2262 3213 percel-

1245 3229 1383 3278 latur.
1432 3230 1744 3280 Protestantes
1792 3231 1919 3279 enim
1943 3267 1957 3290 ,
2000 3232 2050 3278 in
2102 3229 2261 3281 Galliis

1246 3313 1497 3378 praesertim
1511 3347 1528 3374 ,
1556 3313 1700 3361 libere
1727 3327 1832 3360 suos
1867 3323 2122 3363 conventus
2142 3314 2263 3365 cele-

1248 3394 1418 3458 brant,
1451 3394 1625 3459 templa
1651 3393 1884 3443 aedificant
1906 3430 1919 3454 ,
1951 3396 2140 3462 insuper
2170 3396 2264 3447 Gu-

1251 3477 1467 3526 bernium
1482 3477 1646 3542 passim
1665 3477 1889 3541 particeps
1902 3475 1957 3524 fit
1968 3488 2235 3544 sumptuum
2245 3514 2260 3528 .

1253 3559 1422 3608 Contra
1454 3573 1558 3606 vero
1573 3554 1798 3607 Catholici
1828 3555 1882 3606 in
1905 3557 2040 3608 dietis
2065 3561 2263 3625 regioni-

1254 3640 1344 3689 bus
1373 3657 1459 3690 nec
1484 3641 1580 3705 ipsa
1624 3640 1912 3691 conscientiae
1943 3640 2152 3691 libertate
2194 3643 2264 3692 uti
