2612 4146
373 149 452 210 78

1100 169 1418 210 TRAGTATUS
1460 173 1528 211 ΒΕ
1571 174 1797 214 Onnum.

373 321 455 376 M.
506 318 632 398 (1),
675 317 772 377 alii
823 316 999 376 etiam
1051 315 1420 375 invisibilem
1459 322 1732 396 qratiam
1781 342 1815 380 a
1853 323 1975 381 Deo
2015 324 2252 384 concedi
2309 327 2370 385 in
2398 327 2509 387 hoc

374 415 749 473 Sacramento
761 411 1010 484 docent,
1044 421 1112 468 ut
1145 410 1487 471 Ambrosius
1516 412 1609 493 (2)
1641 426 1700 475 et
1725 418 2033 498 Gregorius
2050 421 2342 500 Nyssenus
2371 423 2462 506 (3)
2491 450 2508 499 ς

296 572 299 577 ,
374 507 472 568 alii
499 507 754 589 denique
782 527 906 564 non
937 502 1289 566 dubitarunt
1313 506 1602 567 Ordinem
1627 530 1762 570 cum
1790 512 2086 595 Baptismo
2109 516 2190 574 ita
2214 517 2475 579 conferre
2492 563 2510 592 ,

291 647 293 650 ι
373 614 443 662 ut
465 602 754 684 explorati
781 601 1057 683 principii
1085 601 1212 661 loco
1234 614 1539 662 sumerent
1559 649 1575 678 ,
1599 615 1916 688 utrumque
1942 631 2066 670 esse
2100 612 2224 671 veri
2258 613 2512 673 nominis

373 702 819 759 Sacramentum
838 742 855 771 ,
890 697 1281 781 eamdemque
1311 720 1434 758 esse
1466 699 1773 780 utriusque
1804 704 2119 766 rationem.
2165 708 2232 766 In
2256 707 2346 767 his
2371 709 2515 770 Hie-

371 817 654 877 ronymus
678 794 741 854 in
766 797 1019 876 Di'aloqo
1041 796 1331 856 adversus
1357 795 1782 877 luciferianos
1807 802 2114 862 contendit
2132 850 2148 879 ,
2172 788 2390 864 iterum
2413 829 2512 866 or-

372 890 664 951 dinandos
687 913 810 971 non
832 912 986 968 esse,
1012 914 1157 974 quos
1181 891 1439 952 haeretici
1445 898 1572 972 jam
1597 892 2020 956 ordinaverant
2038 943 2055 972 ,
2082 901 2218 980 quia
2230 900 2512 984 baptizati

371 986 447 1048 ab
478 988 767 1048 haereticis
816 1009 939 1047 non
983 986 1466 1071 rebaptizantur3
1508 989 1588 1049 sic
1630 991 1794 1049 enim
1831 991 2094 1075 disputat
2139 1016 2153 1054 ε
2192 995 2264 1055 Si
2297 1000 2368 1057 in
2394 1000 2515 1077 fide

370 1108 487 1145 sua
518 1087 819 1167 baptizato
849 1087 1171 1166 baptizans
1204 1105 1409 1144 nocere
1438 1107 1564 1145 non
1577 1093 1807 1167 potuit,
1841 1099 1897 1146 et
1916 1092 1985 1149 in
1999 1090 2120 1168 fide
2150 1112 2266 1150 sua
2301 1094 2515 1154 Sacer-

371 1184 564 1244 dotem
598 1186 992 1242 c'onstitutum
1014 1184 1378 1241 constituens
1402 1203 1520 1241 non
1557 1185 1913 1263 inquinavit
1941 1184 2054 1264 (4).
2081 1186 2301 1248 Similia
2330 1187 2513 1251 habet

372 1280 432 1338 S.
466 1278 855 1360 Augustinus,
894 1277 1062 1338 Cont.
1103 1280 1273 1358 epist.
1312 1278 1755 1349 Parmeniani,
1796 1278 1903 1340 lib.
1933 1283 2018 1356 II,
2057 1282 2160 1340 uhi
2186 1284 2267 1343 ita
2293 1285 2513 1347 invicte

370 1376 706 1435 Donatistas
735 1374 1077 1458 perstringit
1101 1395 1115 1434 ε
1138 1374 1337 1435 Nulla
1367 1376 1704 1436 ostenditur
1725 1396 1945 1448 causa,
1986 1400 2102 1438 cur
2126 1382 2225 1440 ille
2242 1427 2259 1458 ,
2289 1387 2401 1462 qui
2420 1388 2515 1464 ip-

366 1480 507 1534 'sum
531 1473 925 1553 Baptismum
954 1474 1234 1531 amittere
1256 1493 1379 1531 non
1402 1482 1625 1552 potest,
1640 1477 1758 1553 jus
1794 1474 1994 1534 dandi
2005 1485 2197 1555 potest
2218 1483 2511 1539 amittere.

379 1569 723 1648 Utrumque
760 1571 927 1626 enim
972 1569 1445 1628 Sacramentum
1482 1578 1567 1627 est
1580 1589 1602 1637 ,·
1652 1580 1710 1627 et
1750 1571 2023 1649 quadam
2074 1578 2514 1637 consecratione

369 1674 705 1744 utrumque
734 1664 979 1723 homini
1001 1665 1224 1734 datur,
1259 1664 1421 1723 illud
1442 1685 1584 1723 cum
1620 1664 2009 1746 baptizatur,
2043 1670 2218 1727 istud
2245 1690 2387 1729 cum
2413 1691 2514 1731 or-

368 1763 630 1822 dinatur
658 1759 770 1842 (5).
832 1806 838 1818 .-

453 1859 512 1918 9.
557 1858 757 1918 Testes
805 1857 1048 1941 insuper
1091 1857 1264 1936 hujus
1319 1854 1652 1918 traditionis
1692 1870 1832 1917 sunt
1876 1859 2253 1920 oecumenicae
2293 1862 2511 1943 Synodi

370 1952 862 2014 Chalcedonensis
881 1965 941 2014 et
964 1954 1197 2014 Nicaena
1228 1954 1279 2012 II
1309 1952 1436 2032 (6),
1459 1963 1594 2012 tum
1619 1954 1838 2035 Synodi
1866 1954 2243 2037 particulares
2261 2003 2278 2033 ,
2315 1963 2510 2038 cujus-

373 2050 540 2110 modi
562 2061 700 2110 sunt
718 2047 1356 2132 Constantinopolitina
1378 2095 1394 2125 ,
1433 2071 1592 2109 anno
1616 2049 1735 2109 459
1756 2072 1789 2110 a
1827 2052 2132 2112 Gennadio
2170 2065 2365 2115 coacta
2392 2055 2506 2137 (7),

368 2146 776 2207 Bracharensis
822 2147 847 2206 Ι
886 2145 977 2225 (8)
1009 2155 1070 2205 et
1100 2143 1382 2204 Toletana
1413 2145 1544 2204 VIII
1571 2145 1697 2225 (9),
1740 2168 1870 2228 quae
1918 2168 2123 2208 omnes
2166 2148 2466 2216 declarant
2489 2196 2506 2225 ,

437 2340 454 2405 (
462 2340 506 2406 1)
543 2338 614 2387 In
622 2339 774 2406 prim.
793 2336 1000 2403 Requm‚
1019 2336 1104 2385 lib.
1123 2352 1193 2398 iv,
1213 2351 1317 2402 cap.
1339 2333 1391 2396 5,
1475 2338 1681 2402 speciem
1714 2345 1960 2386 externam
1997 2340 2201 2402 attinet,
2231 2336 2310 2387 ille
2330 2341 2407 2388 'sit
2421 2345 2510 2406 qui

367 2443 417 2476 n.
441 2440 459 2474 1
484 2425 592 2484 tls,
617 2425 772 2489 inquit
790 2460 803 2482 ,
821 2423 912 2487 qui
916 2429 1226 2487 promovetur
1244 2458 1258 2481 ‚
1279 2419 1397 2468 bene
1475 2428 1609 2480 erat,
1645 2419 1896 2469 invisibili
1928 2421 2142 2486 quadam
2182 2421 2237 2469 vi
2262 2438 2319 2470 ac
2343 2425 2508 2487 qratia

361 2508 488 2573 foris
508 2507 745 2571 vomitur,
775 2506 822 2552 si
849 2506 987 2553 intus
1011 2504 1189 2553 virtute
1214 2501 1394 2551 Sacra-
1475 2502 1776 2551 invisibilem
1808 2505 2030 2551 animam
2065 2505 2123 2552 in
2145 2504 2317 2554 melius
2344 2515 2507 2555 trans-

369 2593 524 2640 menti
544 2589 810 2640 roboretur.
1468 2585 1732 2651 formatam
1746 2604 1931 2652 qerens.
1950 2586 2150 2655 Ἀοροίτᾷ
2174 2586 2256 2639 τινὶ
2281 2588 2472 2655 δυνάμει
2487 2631 2503 2655 ,

360 2732 363 2734 ,
437 2675 502 2740 (2)
538 2673 621 2723 De
638 2673 835 2740 Spiritu
851 2670 1051 2733 Sancto,
1068 2669 1152 2720 lib.
1168 2672 1205 2734 i,
1221 2687 1326 2735 cap.
1344 2667 1397 2730 5,

368 2777 422 2807 n.
453 2773 509 2824 7¹
529 2793 543 2816 ,
563 2767 608 2806 et
624 2755 786 2806 Serm.
804 2774 851 2815 x,
873 2757 929 2802 in
950 2754 1042 2803 Ps.
1059 2770 1180 2802 cxvu
1198 2791 1210 2814 ‚
1234 2771 1287 2802 n.
1314 2769 1394 2818 17.

437 2838 501 2904 (3)
545 2837 689 2887 Orat.
724 2839 781 2885 in
812 2836 1127 2902 Baptismum
1163 2834 1354 2882 Christi
1378 2872 1392 2893 ,

368 2939 481 2988 opp.
498 2921 613 2970 edit.
633 2919 779 2968 Paris.
791 2916 939 2978 1615,
956 2927 1074 2966 tom.
1087 2927 1139 2977 ιι,
1156 2933 1257 2981 pag.
1274 2913 1392 2964 802.

368 3003 563 3053 Eadem
599 3001 757 3051 Verbi
790 3001 1027 3065 (Christi)
1064 2999 1138 3047 vis
1158 3035 1170 3058 ,
1199 2998 1390 3057 scribit,

368 3084 669 3135 Sacerdotem
691 3090 952 3149 anqustum
975 3098 1032 3130 ac
1059 3079 1394 3129 honorandum

361 3171 487 3235 facit
508 3207 522 3227 ‚
557 3169 772 3218 novitate
808 3165 1155 3215 benedictionis
1195 3182 1226 3213 a
1265 3180 1392 3212 eom-

366 3256 602 3303 munitate
614 3251 749 3317 vulqi
758 3258 1072 3316 seqreqatum.
1083 3248 1249 3315 Quum
1261 3250 1393 3296 enim

328 3351 332 3353 ’
369 3335 476 3384 heri
506 3352 563 3383 ac
583 3344 789 3400 tempore
814 3332 1054 3399 superiori
1069 3346 1199 3377 unus
1216 3347 1241 3377 e
1262 3330 1392 3377 mul-

367 3417 578 3467 titudine
609 3434 667 3465 ac
700 3416 835 3483 plebe
875 3422 1023 3473 esset,
1069 3421 1257 3480 repente
1281 3412 1389 3461 red-

363 3500 506 3549 ditur
531 3508 797 3566 praeceptor
811 3537 824 3559 ,
856 3513 1034 3564 proeses
1050 3531 1068 3558 ,
1106 3495 1265 3543 doctor
1289 3496 1393 3559 pie-

361 3583 485 3631 tatis
499 3618 516 3642 ‚
549 3581 883 3645 mysteriorum
909 3578 1163 3628 latentium
1171 3574 1388 3643 proesu13

369 3683 520 3734 eaque
529 3666 818 3729 senfin-qm
830 3666 875 3712 ei
891 3698 909 3726 ,
924 3680 1036 3712 eum
1059 3659 1189 3711 nihil
1199 3659 1274 3710 vel
1287 3676 1391 3709 cor-

366 3766 485 3817 pore
509 3746 583 3798 vel
604 3746 768 3813 forma
790 3753 1003 3795 mutatus
1017 3781 1033 3802 ‚
1069 3742 1154 3793 sed
1176 3742 1301 3809 quod
1327 3740 1393 3790 ad

1476 2665 1554 2718 nai
1570 2666 1728 2737 χάριτι
1750 2667 1826 2726 τὼ
1855 2669 2038 2737 deiparat
2069 2670 2227 2736 ψυχῆν
2264 2695 2499 2741 μεταμορ-

1477 2755 1649 2814 φωθείς
1675 2750 1783 2819 πρὲς
1813 2751 1865 2803 ‘ti
1893 2751 2092 2813 βέλτιον.

1543 2835 1611 2897 (4)
1651 2834 1707 2883 N.
1738 2851 1812 2883 11.
1831 2835 1962 2883 Edit.
2000 2834 2225 2885 VallarsiL

1542 2914 1606 2978 (5)
1643 2915 1706 2965 N.
1737 2914 1819 2964 28.
1874 2916 1975 2964 Alia
2017 2918 2278 2967 testimonia
2311 2918 2500 2970 Pati-um

1473 2996 1562 3045 cfr.
1597 2997 1721 3062 apud
1745 2997 1964 3048 Bellarm.
1992 2997 2072 3047 De
2105 2995 2331 3049 Sacram.
2370 3001 2498 3053 Ord.

1471 3095 1577 3145 cap.
1597 3080 1627 3128 3
1646 3116 1659 3139 ,
1679 3090 1727 3129 et
1753 3082 1880 3146 apud
1904 3080 2103 3131 Witasse
2123 3084 2213 3132 loc.
2233 3087 2314 3133 cit.
2339 3104 2392 3152 q.
2443 3104 2462 3135 1
2481 3124 2497 3150 ,

1471 3172 1559 3211 art.
1597 3178 1648 3211 α.

1540 3246 1604 3311 (6)
1641 3246 1822 3313 Synod.
1866 3247 2084 3298 Chalced.
2128 3267 2234 3301 can.
2275 3268 2343 3311 11,
2371 3253 2497 3318 apud

1472 3328 1613 3378 Hard.
1648 3328 1776 3378 Aeta
1813 3330 1961 3380 Cone.
1991 3342 2104 3380 tom.
2142 3349 2208 3394 xv,
2244 3334 2332 3385 col.
2360 3332 2494 3400 6013

1470 3411 1660 3461 Nicaena
1682 3450 1695 3468 ,
1723 3430 1830 3462 can.
1853 3430 1905 3473 v,
1937 3414 2006 3463 ib.
2027 3425 2142 3464 tom.
2172 3431 2237 3476 lv,
2265 3417 2356 3466 col.
2375 3415 2494 3484 490.

1534 3492 1603 3557 (7)
1640 3493 1764 3542 Ibid.
1791 3504 1907 3544 tom.
1942 3513 2012 3558 u,
2041 3497 2133 3546 col.
2170 3494 2288 3564 783.

1540 3574 1610 3641 (8)
1648 3575 1768 3626 Can.
1790 3594 1858 3626 111.
1875 3577 1990 3627 ibid.
2008 3584 2131 3629 tom.
2149 3596 2232 3641 ιιι,
2256 3578 2348 3628 eol.
2371 3575 2491 3629 386.

1542 3658 1615 3725 (9)
1649 3659 1767 3727 Cap.
1798 3661 1848 3712 3.
1878 3661 1999 3713 ibid.
2027 3662 2119 3716 col.
2155 3659 2276 3730 961.
