2508 4120
322 110 440 170 230
952 118 1272 161 TRAGTATUS
1315 122 1383 157 mi
1427 119 1798 157 miii-aimonio.

325 283 568 355 propter
592 266 863 327 haeresim
886 310 902 339 7
945 275 1046 322 aut
1079 262 1387 322 molestam
1422 259 1912 321 cohabitationem
1932 305 1949 336 .,
1974 275 2072 323 aut
2109 267 2436 345 affectatam

328 365 651 427 absentiam
673 382 705 418 a
729 362 973 439 conjuge
995 403 1011 432 ,
1039 379 1232 439 neque
1256 368 1499 439 propter
1521 355 1757 416 alterius
1786 357 2040 435 conjugis
2066 359 2436 421 adulterium.

409 460 505 517 52.
552 458 623 516 Et
644 456 764 515 haec
781 454 1020 537 quidem
1036 453 1108 512 de
1124 452 1504 512 dissolutione
1521 453 1876 511 Matrimonii
1895 451 2087 533 quoad
2108 454 2401 515 vinculum
2418 479 2435 533 3

323 575 464 613 nam
493 552 565 612 de
589 551 967 610 dissolutione
991 550 1331 631 imperfecta
1357 548 1550 630 quoad
1579 548 1816 606 thorum
1847 548 1966 606 sive
1992 548 2181 628 quoad
2204 550 2438 610 cohabi-

324 649 633 722 tationem,
660 646 856 729 plures
875 667 1069 704 causas
1089 667 1232 719 esse,
1254 644 1328 703 ob
1344 666 1485 726 quas
1500 642 1733 702 dissolvi
1753 645 1930 724 possit
1950 644 2212 702 doctrina
2224 647 2441 726 pariter

330 743 614 804 catholica
641 754 727 801 est
752 741 1029 802 adversus
1060 741 1419 800 Lutheranos
1441 786 1456 811 7
1487 741 1584 821 qui
1611 739 1837 799 nullam
1867 740 2037 818 hujus
2068 742 2443 822 separationis

325 862 555 901 causam
592 839 912 918 legitimam
949 837 1310 912 admittunt,
1362 836 1499 895 licet
1533 835 1677 895 adeo
1721 834 1912 894 faciles
1950 857 2009 894 se
2048 835 2347 917 praebeant
2381 837 2443 895 in

328 937 510 996 causis
533 933 991 1016 multiplicandis
1009 931 1406 991 dissolutionis
1434 932 1795 991 Matrimonii
1819 931 2010 1013 quoad
2034 932 2355 992 vinculum.

372 1035 374 1038 ”
410 1032 510 1090 53.
561 1031 757 1091 Nostri
786 1031 959 1110 igitur
987 1029 1243 1086 muneris
1265 1039 1351 1087 est
1370 1074 1386 1102 ,
1423 1026 1766 1086 catholicam
1794 1026 2119 1087 doctrinam
2142 1049 2211 1086 ex
2241 1026 2446 1087 ordine

327 1125 624 1189 vindicare
663 1125 941 1188 adversus
979 1123 1245 1184 Ecclesiae
1294 1122 1714 1183 obtrectatores
1754 1123 1818 1181 in
1863 1122 2104 1205 singulis
2149 1121 2443 1198 articuliS‚

328 1223 428 1305 qui
455 1244 523 1282 eo
541 1268 558 1300 9
597 1240 712 1305 quo
735 1221 987 1281 diximus
1003 1265 1021 1297 ,
1046 1219 1221 1279 modo
1247 1217 1320 1278 ab
1346 1220 1486 1301 ipsis
1518 1219 1957 1302 impugnantur.

1145 1386 1557 1439 PROPOSITIO
1597 1387 1641 1439 Ι.

328 1518 470 1578 Non
513 1520 649 1577 licet
693 1517 1061 1577 Christianis
1093 1518 1306 1596 plures
1332 1518 1518 1575 simul
1545 1517 1759 1574 habere
1801 1537 2046 1588 uxores,
2070 1537 2211 1575 cum
2240 1516 2344 1575 hoc
2369 1523 2450 1576 sit

979 1614 1095 1692 leye
1136 1613 1353 1671 divina
1386 1613 1789 1691 prohibitum.

412 1786 511 1843 54.
561 1788 645 1844 De
677 1785 792 1845 fide
818 1797 907 1845 est
931 1786 1052 1845 haec
1080 1787 1399 1867 propositio
1412 1790 1579 1864 juxta
1609 1808 1738 1845 can.
1776 1788 1825 1845 11
1845 1833 1860 1861 ,
1891 1808 2029 1846 sess,
2057 1788 2236 1846 XXIV
2261 1787 2443 1847 Cone.

329 1880 657 1941 Tridentini
691 1903 706 1940 τ
746 1882 817 1940 Si
857 1885 992 1960 quis
1024 1883 1251 1940 dioeerit
1266 1926 1286 1954 ,
1308 1884 1483 1940 licere
1517 1883 1883 1942 Christianis
1905 1884 2111 1961 plures
2131 1885 2319 1941 simul
2343 1884 2449 1943 Iza-

316 1978 461 2038 'here
489 1999 734 2048 uxores,
755 1987 810 2035 et
837 1978 940 2036 hcc
963 1978 1135 2036 nulla
1164 1979 1279 2058 leye
1306 1979 1521 2036 divina
1546 2000 1663 2037 esse
1675 1979 2058 2058 prohibitum
2075 2022 2096 2051 ,
2122 1980 2447 2040 anathema

326 2077 422 2132 sz't.
938 2062 943 2067 ⁵

415 2167 515 2225 55.
564 2168 700 2226 Haec
742 2179 937 2225 autem
976 2167 1239 2226 definitio
1281 2180 1410 2226 tum
1463 2167 1714 2241 Christi,
1757 2179 1885 2226 tum
1931 2167 2190 2248 Apostoli
2232 2167 2447 2227 Christi

334 2260 659 2320 doctrinam
679 2260 1022 2320 declarantis
1040 2308 1056 2337 7
1082 2263 1421 2321 auctoritate
1441 2261 1676 2320 fulcitur
1696 2273 1872 2343 atque
1889 2275 2169 2344 perpetua
2187 2263 2450 2324 Ecclesiae

332 2356 665 2415 traditione.
707 2357 969 2416 Christus
994 2359 1151 2416 enim
1176 2404 1191 2432 7
1228 2359 1441 2417 Mattli.
1483 2360 1648 2434 XIX,
1696 2381 1755 2419 v.
1793 2358 1829 2416 4
1866 2370 1924 2417 et
1963 2381 2123 2441 seqq.
2164 2360 2454 2419 sciscitan—

332 2453 489 2513 tibus
518 2454 843 2529 PharisaeisY
878 2455 924 2512 si
952 2455 1087 2513 licet
1114 2453 1342 2513 homini
1365 2455 1662 2513 dimittere
1692 2476 1935 2513 uxorem
1965 2477 2130 2514 suam
2171 2477 2454 2536 quacum-

331 2571 447 2630 que
476 2571 547 2608 ex
582 2571 749 2608 causa
772 2594 788 2623 ‚
823 2548 1127 2631 respondit
1161 2572 1173 2607 ε
1216 2550 1362 2610 Non
1386 2553 1607 2630 leqz’stz's
1623 2594 1644 2623 ,
1681 2555 1832 2630 quia
1861 2555 1971 2630 qui
1987 2555 2136 2629 fecit
2161 2553 2451 2611 hominem

333 2646 413 2702 ah
446 2648 661 2716 initio,
700 2648 1039 2704 masculum
1080 2657 1136 2703 et
1173 2649 1478 2724 feminam
1514 2650 1662 2725 fecit
1698 2646 1833 2705 eos?
1868 2659 1921 2704 et
1960 2648 2162 2705 dixit:
2195 2649 2452 2724 Propter

230 2753 239 2766 “
331 2740 437 2797 hoc
459 2740 716 2797 dimittet
737 2741 901 2798 homo
926 2751 1166 2818 patrem
1194 2752 1248 2799 et
1272 2751 1564 2812 matrem,
1594 2752 1649 2798 et
1672 2742 2001 2798 adhaerebit
2017 2745 2200 2799 umori
2218 2761 2377 2808 επακ
2397 2750 2453 2797 et

328 2843 508 2892 erunt
550 2836 668 2893 duo
704 2839 776 2893 in
821 2856 1003 2893 carne
1050 2856 1199 2893 una.
1244 2836 1459 2913 Itaque
1489 2840 1634 2912 jam
1671 2857 1791 2893 non
1821 2847 1967 2894 sunt
1999 2837 2156 2908 duc,
2192 2838 2295 2894 sed
2323 2858 2446 2894 una

331 2950 489 2989 caro,
535 2930 709 3008 Quod
734 2951 865 3009 erqo
891 2931 1054 2990 Deus
1083 2934 1438 3006 conjunoeit,
1465 2931 1633 2989 homo
1657 2951 1777 2988 non
1804 2942 2054 3009 separet.
2087 2930 2447 2990 Instantibus

329 3045 506 3106 porro
543 3023 844 3085 Pharisaeis
874 3045 887 3080 ε
921 3025 1087 3103 Quid
1106 3046 1236 3104 erqo
1274 3026 1503 3103 Moyses
1539 3027 1858 3084 mandavit
1879 3027 2026 3085 dare
2058 3028 2320 3086 libellum
2352 3048 2449 3085 re-

317 3121 516 3199 pudii
545 3129 599 3177 et
635 3117 981 3177 dimittere?
1019 3119 1280 3200 reposuit
1319 3119 1579 3178 Christus
1611 3143 1669 3179 v.
1713 3121 1748 3179 7
1791 3132 1849 3180 et
1879 3142 2039 3203 seqq.
2088 3145 2102 3181 :
2150 3124 2445 3202 Quoniam

327 3215 555 3293 ,Moyses
576 3216 661 3273 ad
677 3215 975 3272 duritiam
999 3216 1198 3273 cordis
1225 3218 1405 3273 vestri
1421 3219 1709 3294 permisit
1726 3218 1889 3276 vohis
1916 3219 2215 3276 dimittere
2234 3239 2446 3277 umores

324 3320 545 3368 vestras
578 3335 597 3377 ‚·
631 3311 709 3370 ab
743 3311 919 3368 initio
954 3321 1154 3368 autem
1191 3332 1311 3369 non
1338 3314 1470 3389 fuit
1500 3315 1605 3370 sic.
1645 3314 1799 3373 Dico
1833 3324 2034 3371 autem-
2076 3315 2269 3383 vohiS,
2293 3318 2444 3393 quia

326 3411 688 3486 quicumque
729 3409 1034 3476 dimiserit
1069 3428 1314 3465 umorem
1352 3430 1558 3478 suam,
1597 3413 1727 3467 nisi
1753 3410 1822 3468 oh
1844 3412 2349 3488 fornicationem,
2390 3418 2445 3464 et

325 3504 514 3561 aliam
538 3503 812 3575 duoeerit,
838 3502 1202 3570 maechatur,⁸
1226 3513 1281 3561 et
1302 3506 1413 3581 qui
1438 3505 1763 3563 dimissam
1786 3506 2059 3575 duxerit,
2085 3505 2432 3564 moechatur.

325 3600 399 3656 At
428 3596 475 3655 si
510 3596 896 3678 polygamiam
935 3619 1058 3657 non
1093 3597 1424 3658 damnasset
1464 3599 1728 3659 Christus
1750 3645 1766 3676 ,
1809 3601 2052 3659 minime
2095 3599 2437 3658 affirmasset
