2612 4146
437 226 556 265 CAP.
599 225 658 264 11.
705 227 773 262 DE
816 226 1068 263 onmium
1111 226 1341 264 NUMERO
1383 227 1449 262 ΕΤ
1493 226 1809 264 DIGMTATE.
2106 205 2180 265 97

159 372 254 430 52.
302 368 431 447 Obj.
470 370 639 428 tertia
671 368 944 428 adversus
976 369 1208 427 tertiam
1241 389 1473 450 propos.
1510 379 1756 448 partem.
1797 367 1859 425 1ο
1900 367 2181 448 Nuspiam

75 467 316 546 legimus
342 467 402 524 in
433 465 771 544 ScripturiS,
805 463 1103 539 Christum
1138 475 1448 523 externum
1482 484 1765 520 ‘manuum
1800 462 2185 544 impositionis

77 566 258 622 ritum
312 560 386 619 ad
417 559 740 618 ''Sacerdotii
786 559 1263 639 propagationem
1315 557 1630 616 instituisse
1680 568 1780 615 aut
1826 557 2182 638 praecepisse.

78 661 145 716 ”2⁰
170 658 431 729 Accedit,
455 655 610 736 quod
628 655 931 736 Apostolus
956 653 1032 712 ad
1056 652 1201 711 Heh.
1227 653 1272 710 V
1294 696 1311 726 ‚
1343 653 1371 709 1
1389 696 1407 725 ,
1433 651 1645 711 scribat
1669 674 1683 711 ε
1708 653 1837 712 Nec
1862 658 2188 732 quisquam

81 759 273 813 sumit
313 753 436 811 siba·
467 752 778 822 honorem,
814 751 917 809 sed
947 752 1060 827 qui
1080 757 1328 805 vocatur
1367 768 1407 804 a
1431 748 1552 806 Deo
1582 757 1902 826 tamquam
1950 750 2180 807 Aaron.

87 849 368 926 Quanam
405 849 602 925 iyz'tur
629 849 897 912 ratione,
941 843 1133 923 inquit
1168 839 1473 912 CalvinuS‚
1510 845 1623 919 qui
1655 842 1829 920 apud
1861 863 1968 900 nos
2002 853 2145 902 sunt
2164 885 2190 915 ,

81 942 412 1000 Sacerdotes
445 942 575 998 dz'oz'
595 949 883 1018 possunt,
932 957 1072 995 cum
1107 955 1318 995 eorum
1355 939 1654 993 neminem
1700 937 1865 994 Deus
1900 947 2193 1016 tanquam

83 1037 287 1096 Aaron
321 1038 613 1095 vocaverit
644 1033 733 1112 (1)
754 1033 781 1089 Ρ
806 1034 973 1113 Ergo,

164 1129 261 1188 53.
307 1131 476 1211 Resp.
502 1126 592 1188 Ad
618 1127 698 1184 1¹²²
720 1170 736 1199 .,
782 1128 939 1185 Dz‘st.
974 1125 1251 1208 Explicite
1270 1171 1286 1199 a
1314 1147 1506 1194 conc.;
1530 1125 1809 1207 implicite
1829 1170 1846 1197 .,
1878 1147 2006 1207 neq.
2039 1130 2191 1189 Nam

85 1246 151 1284 eo
178 1225 327 1306 ipso,
356 1223 507 1303 quod
535 1220 794 1279 Christus
827 1220 958 1279 huic
987 1222 1124 1280 ritui
1153 1222 1397 1300 gratiam
1427 1220 1767 1281 conferendi
1796 1221 1917 1281 vim
1945 1220 2190 1297 tribuit,

86 1330 153 1377 ut
179 1318 349 1400 paulo
373 1328 509 1375 ante
545 1314 905 1375 ostendimus
929 1361 944 1389 a
975 1317 1151 1375 etiam
1184 1316 1539 1377 servandum
1575 1317 1892 1398 praecepit3
1925 1337 2032 1375 nec
2062 1314 2194 1376 ideo

86 1432 315 1471 necesse
336 1421 424 1469 est
443 1421 509 1468 ut
537 1433 641 1470 nos
665 1411 936 1488 adjuncta
953 1456 969 1485 ,
1000 1411 1060 1469 in
1084 1409 1294 1491 quibus
1317 1411 1377 1469 id
1403 1412 1772 1493 praeceperit‚
1797 1411 2152 1490 assignemus
2173 1455 2191 1485 .,

86 1527 216 1565 cum
270 1527 391 1563 non
443 1507 637 1565 omnia
691 1506 909 1565 fuerint
959 1505 1168 1564 litteris
1220 1506 1553 1585 consignata
1586 1551 1602 1580 ,
1671 1527 1801 1586 quae
1856 1506 1979 1586 ipse
2035 1504 2193 1565 fecit.

84 1601 277 1659 Potuit
310 1601 482 1678 igitur
517 1600 671 1659 hunc
703 1602 882 1659 ritum
914 1601 1217 1659 instituere
1249 1610 1422 1680 atque
1451 1601 1762 1681 praecipere
1789 1621 1857 1658 eo
1895 1611 2159 1680 tempore
2179 1643 2196 1674 ,

87 1695 243 1777 quod
274 1696 426 1754 inter
458 1697 942 1756 resurrectionem
966 1707 1141 1777 atque
1164 1716 1470 1754 ascensum
1497 1690 1617 1771 ejus
1645 1695 1708 1753 in
1731 1693 1906 1754 coelos
1934 1685 2199 1754 medium

89 1791 442 1862 intercessit3
475 1792 665 1870 potuit
700 1792 875 1850 etiam
909 1790 1019 1849 alio
1061 1801 1343 1872 tempore.

172 1885 270 1943 54.
321 1885 408 1943 Ad
440 1887 560 1959 2¹1¹,
598 1888 757 1946 Dist.
792 1886 913 1944 Nisi
943 1896 1180 1947 vocetur
1202 1907 1234 1944 a
1263 1888 1383 1944 Deo
1406 1886 1526 1946 sive
1550 1886 1888 1944 immediate
1922 1886 2043 1946 sive
2072 1906 2201 1944 me-

93 1978 244 2038 diate
263 2024 279 2054 ,
312 2001 499 2046 conc.;
518 1981 854 2040 immediate
876 2002 1107 2061 semper
1125 2026 1141 2054 7
1172 2002 1302 2060 neq.
1333 1980 1602 2060 Alioquin
1635 1980 1787 2038 solus
1813 1982 2003 2038 Aaron
2026 2001 2197 2040 verus

93 2074 291 2133 fuisset
326 2074 596 2133 Sacerdos
631 2075 694 2133 in
726 2077 852 2134 Vet.
898 2076 1046 2133 Test.
1079 2076 1279 2155 Itaque
1318 2074 1404 2132 illi
1434 2095 1636 2134 omnes
1676 2085 1988 2133 censentur
2016 2096 2046 2132 a
2082 2077 2202 2132 Deo

93 2169 279 2230 vocati
299 2212 314 2241 ,
353 2169 451 2249 qui
486 2190 519 2227 a
549 2168 804 2248 legitimo
828 2169 1094 2228 Ministro
1123 2168 1570 2238 Ordinationem
1593 2170 1906 2250 accipiunt.
1948 2169 2007 2227 Si
2042 2170 2202 2228 enim

34 2314 38 2319 .
95 2261 351 2320 Christus
379 2264 649 2344 praecepit
678 2263 994 2344 ApostoliS.,
1034 2275 1098 2321 ut
1129 2283 1236 2344 per
1270 2285 1553 2322 manuum
1580 2263 2017 2344 impositionem
2048 2285 2199 2344 pro-

97 2368 374 2435 pagarent
398 2358 826 2432 Sacerdotium,
855 2358 984 2416 illos
1014 2369 1169 2417 certe
1199 2370 1396 2433 vocat,
1423 2379 1565 2439 quos
1597 2358 1853 2439 Apostoli
1882 2378 2200 2439 eorumque

98 2446 334 2526 legitimi
357 2472 713 2511 xsuccessores
745 2451 948 2531 dignos
982 2452 1085 2511 tali
1114 2452 1395 2531 dignitate
1425 2452 1835 2530 judicaverint.

821 2595 823 2598 ’
880 2622 1313 2682 ‘PRoPosrrio
1352 2631 1422 2682 Π.

97 2754 331 2812 Proeter
364 2757 773 2814 Sacerdotium
814 2767 957 2815 sunt
997 2761 1066 2814 in
1112 2756 1384 2817 Ecclesia
1434 2758 1726 2816 catholica
1783 2760 1898 2819 aliz·
1954 2761 2209 2820 Ordines

178 2860 232 2908 et
268 2855 517 2928 majores
556 2861 610 2909 et
653 2855 945 2927 minores,
978 2873 1095 2931 per
1130 2873 1273 2931 quos
1316 2853 1472 2911 velut
1495 2874 1615 2932 per
1649 2855 1881 2933 yradus
1916 2857 2208 2934 quosdam

179 2947 249 3002 in
294 2947 704 3005 Sacerdotium
742 2947 1028 3006 tenditur.

185 3105 282 3166 55.
324 3109 422 3166 Est
460 3108 531 3169 de
578 3108 690 3168 fide
732 3109 855 3169 haec
891 3110 1239 3192 propositio,
1278 3111 1523 3170 totidem
1565 3111 1757 3172 verbis
1790 3134 1822 3172 a
1862 3109 2204 3172 Tridentino

107 3197 338 3259 definita
369 3223 490 3261 can.
528 3206 578 3262 ΙΙ
613 3205 874 3285 superius
908 3205 1195 3287 descripto
1223 3229 1238 3264 ι
1283 3208 1358 3264 Se'
1380 3211 1519 3285 quis
1553 3208 1813 3278 diderit,
1837 3218 2067 3286 proeter
2091 3209 2207 3267 Sa-

108 3294 428 3354 cerdotium
442 3339 466 3368 ‚
504 3309 612 3358 etc.
652 3299 762 3379 (2).
886 3287 889 3290 Δ

180 3453 243 3518 (l)
280 3454 448 3506 Instit.
486 3458 571 3507 lib.
592 3477 657 3520 ιν,
688 3478 790 3527 cap.
832 3460 890 3511 18
912 3497 927 3521 ‚
958 3461 983 3527 §
1021 3480 1070 3529 9.
1197 3466 1401 3512 instituta
1423 3501 1436 3524 ,
1464 3467 1574 3530 quia
1602 3466 1749 3534 agitur
1763 3464 1819 3512 de
1837 3464 1956 3513 facto
1982 3482 2087 3514 cum
2103 3469 2209 3533 jure
2262 3471 2269 3477 ”

180 3537 244 3599 (2)
282 3536 391 3584 Non
413 3539 550 3587 semel
575 3545 837 3591 monuimus
859 3580 872 3603 ‚
891 3561 1116 3592 canonem
1198 3548 1445 3610 conjuncto
1467 3582 1481 3601 ‚
1500 3563 1552 3593 ac
1567 3555 1800 3609 propterea
1827 3548 1972 3609 agitur
1990 3548 2210 3596 indirecte

115 3635 210 3667 esse
236 3619 569 3683 dogmaticum,
600 3625 773 3671 etiamsi
805 3626 1012 3688 ejusdem
1043 3627 1116 3673 di·
1199 3627 1256 3675 de
1282 3636 1500 3691 potestate
1527 3643 1552 3672 a
1581 3625 1761 3673 Christo
1791 3626 2005 3675 Ecclesiae
2025 3629 2209 3678 collata.

117 3710 289 3748 rectum
322 3701 553 3765 objectum
579 3704 637 3750 sit
664 3703 721 3752 de
752 3721 800 3753 re
837 3706 896 3753 ab
921 3706 1119 3755 Ecclesia
1200 3707 1420 3772 Quamvis
1444 3706 1634 3772 proinde
1650 3705 1843 3757 Ordines
1867 3708 2123 3757 Diaconatu
2136 3709 2213 3757 in-

279 3782 342 3839 T.
388 3782 509 3841 Vll.
1933 3788 1970 3844 7
