2508 4120
327 92 448 152 234

952 113 1281 152 TRACTATUS
1324 114 1394 151 m:
1437 114 1816 156 MA'rnmomoa

326 278 460 317 mus
486 256 606 335 (l);
634 265 692 313 et
708 264 906 334 aperte
925 253 1078 313 illius
1095 275 1263 314 mens
1289 254 1577 335 colligitur
1597 278 1667 315 ex
1689 255 1860 315 simili
1878 256 2155 339 loquendi
2179 261 2407 320 ratione·
2422 306 2442 335 .,

326 374 443 433 qua
477 352 538 407 in
584 347 788 407 eadem
821 349 1062 430 epistola
1103 372 1238 408 usus
1266 362 1354 409 est
1388 351 1696 433 Apostolus
1717 397 1732 425 7
1762 352 1860 433 qui
1902 352 2188 414 disserens
2219 356 2292 415 de
2326 356 2444 413 dia-

328 446 548 506 conissa
569 444 772 501 statuit
790 455 903 518 7·ut
919 467 1039 503 non
1056 445 1302 525 eligatur
1318 446 1428 504 nisi
1443 469 1573 525 quoe
1588 450 1786 525 fuerit
1807 451 1997 506 unius
2021 451 2146 506 viri
2163 471 2319 509 umor
2332 451 2441 529 (2).

412 540 509 598 60.
562 538 649 596 Ad
695 540 818 611 2¹¹¹„
861 540 1014 620 Ney.
1066 542 1271 599 Sanior
1322 543 1483 601 enim
1525 543 1718 600 critica
1765 548 1898 620 jam»
1941 543 2122 620 rejicit
2165 555 2445 626 tanquam

328 635 798 695 commentitiam
842 637 1094 696 Socratis
1131 638 1531 696 narrationem
1564 637 1639 698 de
1680 638 2070 698 Valentiniani
2101 639 2249 698 facto
2285 661 2349 698 ac
2375 640 2447 701 de

327 731 451 811 lege
497 729 569 788 ab
627 753 694 790 eo
739 730 876 790 lata.
939 733 1169 791 Etenim
1215 756 1334 792 non
1392 731 1582 791 solum
1619 735 1897 792 Baronius
1943 734 2031 812 (3)
2077 746 2135 793 et
2189 727 2450 793 eruditus

328 825 583 886 Valesius
613 826 700 907 (4)
741 826 951 909 aliique
988 839 1251 888 auctores
1298 828 1565 887 catholici
1604 829 1703 908 (5)
1740 830 1957 911 passim
1994 829 2164 908 hujus
2200 830 2456 889 historiae

329 923 706 984 veracitatem
736 935 1023 1005 respuunt
1044 970 1059 998 ‚
1097 922 1199 983 sed
1230 935 1290 982 et
1324 937 1718 1004 respuerunt7
1758 925 1854 986 vel
1890 925 2099 984 saltem
2120 926 2181 984 in
2215 948 2453 1006 gravem

328 1018 600 1077 falsitatis
627 1019 1017 1099 suspicionem
1039 1031 1392 1078 revocarunt
1408 1019 1749 1079 heterodoxi
1775 1022 1884 1102 ipsi
1910 1021 2218 1101 scriptores
2241 1067 2257 1095 ,
2300 1022 2454 1080 inter

327 1136 474 1197 quos
489 1114 753 1175 eminent
768 1114 1216 1174 Puffendorffius
1234 1115 1326 1196 (6)
1350 1127 1525 1197 atque
1554 1115 1820 1199 Buddeus
1841 1117 1967 1196 (7);
1997 1116 2173 1197 idque
2199 1116 2406 1174 merito
2439 1161 2454 1190 ,

334 1211 397 1269 10
426 1211 559 1292 quia
593 1209 879 1288 ejusmodi
907 1209 1049 1290 legis
1080 1210 1304 1270 nullam
1336 1233 1573 1293 prorsus
1601 1213 1966 1271 mentionem
1992 1212 2261 1290 injiciunt
2285 1213 2456 1270 Sozo-

329 1327 578 1382 menuS‚
622 1306 1020 1367 Theodoretus
1047 1353 1062 1382 ·›
1106 1307 1402 1381 ZosimuS.
1440 1318 1500 1366 et
1554 1308 1654 1388 qui
1698 1306 2094 1367 Valentiniani
2139 1318 2295 1387 gesta
2334 1318 2463 1365 stu-

329 1402 657 1462 diosissime
696 1414 1038 1483 prosecutus
1064 1414 1172 1477 ‘est
1209 1402 1552 1463 Ammianus
1587 1402 1991 1476 Marcellinu33
2032 1404 2099 1461 20
2139 1403 2274 1484 quia
2310 1401 2463 1460 nihil·

330 1521 396 1559 ea
432 1497 505 1558 de
539 1520 602 1557 re
641 1502 762 1576 ejus
796 1500 1076 1580 temporis
1123 1502 1321 1558 Patres
1353 1511 1411 1557 et
1449 1498 1816 1559 ecclesiastici
1857 1511 2118 1559 auctores
2161 1499 2461 1557 memoriae

331 1593 756 1676 prodiderunt3
801 1616 911 1654 nec
948 1598 1232 1653 Damasus
1278 1597 1445 1653 Rom.
1483 1595 1788 1667 Pontifex.
1836 1617 1944 1655 nec
1975 1595 2244 1677 Episcopi
2286 1593 2463 1652 ceteri

333 1688 742 1748 Valentiniano
775 1690 982 1764 coaevi,
1023 1711 1131 1749 nec
1170 1690 1562 1770 Hieronymus
1598 1690 1876 1749 adversus
1909 1711 2039 1749 eam
2067 1688 2256 1768 legem
2278 1686 2466 1746 recla-

334 1795 602 1859 marunt,
643 1805 771 1866 quae
795 1786 998 1844 fuisset
1035 1785 1364 1844 christiana}
1392 1784 1654 1864 religioni
1692 1785 1836 1844 adeo
1871 1785 2184 1863 injuriosa3
2227 1783 2290 1843 3⁰
2330 1783 2466 1865 quia>

333 1891 686 1963 praemortua
713 1882 924 1940 Severa
944 1926 959 1955 ,
994 1883 1029 1940 J
1036 1884 1289 1939 ustinam
1320 1881 1489 1940 duxit
1529 1881 1968 1940 Valentinianus
1986 1926 2002 1955 ,
2035 1892 2100 1939 ut
2128 1891 2260 1963 post
2288 1882 2466 1939 Baro--

411 2070 478 2133 (1)
517 2069 672 2118 Tract.
699 2067 770 2118 De
792 2068 980 2116 Ordine
994 2087 1065 2129 ‚n.
1089 2067 1198 2136 198.
1214 2070 1358 2118 Inter⁴

334 2155 529 2217 pretatio
550 2189 564 2213 ‚
599 2169 740 2218 quam
760 2152 887 2200 dedit
918 2152 1232 2199 Theodoretus
1260 2163 1359 2199 tum

335 2238 389 2284 in.
421 2236 550 2284 hunc
587 2235 719 2283 Pauli
744 2252 811 2282 oc.
848 2246 946 2282 tum
968 2237 1017 2282 in
1054 2237 1188 2299 epist.
1217 2250 1270 2281 cx
1303 2233 1361 2281 ad

340 2317 581 2366 Domuum
604 2317 947 2365 Antiochenum
969 2353 982 2375 ‚
1007 2317 1149 2382 hujus
1178 2315 1361 2363 Paulini

337 2411 491 2450 textus
513 2437 528 2462 ‚
558 2400 614 2447 de
643 2400 832 2464 biqamo
863 2417 1031 2465 nempe
1055 2398 1357 2459 simultatium,

337 2494 403 2532 est
448 2501 632 2549 prorsus
670 2483 912 2548 singularis
942 2520 955 2541 ‚
992 2499 1228 2548 quamque
1265 2483 1362 2546 ipse

342 2568 647 2632 excogitavit,
675 2574 726 2612 ut
762 2570 906 2612 semet
950 2575 1165 2629 purgaret
1187 2598 1201 2622 ,
1238 2563 1363 2628 quod

340 2650 651 2712 promovisset
683 2648 739 2696 ad
773 2647 1020 2713 Tyriorum
1035 2646 1364 2710 Episcopatum

342 2728 572 2777 Irenaeum
627 2733 845 2778 comitem
864 2765 877 2788 ,
912 2731 992 2794 qui
1024 2731 1278 2777 successive
1298 2728 1363 2775 bi·

341 2829 500 2876 gamus
538 2822 651 2860 erat.
682 2811 833 2875 Quam
872 2811 932 2858 ob
967 2827 1064 2857 rem
1093 2810 1149 2858 de
1183 2810 1362 2858 violatis

342 2892 560 2942 Ecclesiae
576 2894 830 2941 canonibus
852 2901 1088 2940 accusatus
1106 2929 1117 2951 ‚
1143 2893 1239 2955 ipse
1258 2908 1363 2938 con-

344 2986 413 3024 tra
455 2978 880 3041 interpretationem
924 2985 969 3023 et
1010 2990 1195 3022 sensum
1241 2976 1362 3021 anti-

344 3061 531 3125 quitatis
554 3060 643 3107 alia
667 3061 844 3107 ratione
861 3059 1051 3105 omnino
1073 3057 1213 3105 verba
1233 3055 1361 3104 Pauli

344 3144 575 3208 exposuit.
602 3141 701 3191 Cfr.
734 3141 995 3190 Renaudot.
1026 3141 1221 3206 Perpbt.
1245 3140 1364 3188 dela

340 3225 417 3290 soi
435 3263 448 3287 ‚
479 3236 601 3274 tom.
617 3245 661 3287 v,
684 3227 765 3275 liv.
795 3243 842 3274 v1
861 3262 876 3290 ,
897 3226 976 3274 ch.
998 3222 1030 3271 8
1052 3227 1172 3274 circa
1199 3225 1360 3273 finem.

348 3307 446 3356 Cfr.
490 3312 628 3357 etiam
669 3309 843 3358 Christ.
887 3308 1043 3374 Lupus
1075 3345 1087 3367 ‚
1133 3308 1246 3357 diss.
1296 3306 1366 3356 De

348 3388 507 3439 cleric.
538 3394 799 3442 continent.
832 3410 936 3457 cap.
979 3408 1022 3440 1.

418 3471 492 3534 (ᾖ)
526 3473 549 3520 Ι
600 3476 658 3522 ad
712 3475 919 3523 Timoth.
965 3492 992 3523 v
1014 3512 1027 3535 ,
1060 3488 1112 3538 9.
1144 3467 1259 3523 ‘Emis-
1290 3472 1368 3519 οἷν-

353 3550 453 3620 ὃρδς
486 3551 612 3613 ‘7⁰⁹3-

423 3635 487 3699 (3)
509 3638 578 3686 Ad
594 3656 789 3689 annum.
812 3640 928 3706 370,
962 3658 1013 3688 n.
1038 3637 1150 3699 125,
1174 3636 1255 3686 ubi
1278 3637 1377 3684 fuse

1446 2070 1504 2119 de
1546 2071 1636 2118 hoc
1675 2081 1950 2134 argumento
2003 2075 2138 2136 agit3
2197 2073 2284 2121 cfr.
2328 2074 2466 2120 etiam

1447 2153 1609 2200 adnot.
1643 2152 1769 2217 Pagii
1793 2154 1850 2200 ad
1878 2171 2055 2201 annum
2079 2152 2209 2220 375,
2245 2172 2291 2200 n.
2330 2151 2379 2201 5.

1519 2235 1580 2297 (lt)
1619 2235 1671 2282 ln
1707 2246 1809 2284 not.
1841 2252 1869 2283 2
1896 2272 1911 2294 ‚
1941 2237 1997 2284 ad
2035 2254 2134 2301 cap.
2163 2235 2250 2296 31,
2280 2236 2387 2284 libri
2420 2254 2467 2284 iv

1448 2316 1581 2365 Socr.

1519 2397 1586 2460 (5)
1622 2397 1717 2447 Cfr.
1740 2397 1848 2445 Nat.
1881 2397 2013 2445 Alex.
2036 2400 2085 2445 in
2117 2415 2210 2447 sec.
2252 2417 2333 2460 iv,
2366 2416 2467 2465 cap.

1450 2480 1538 2528 ult.
1568 2490 1653 2528 art.
1683 2479 1730 2543 4.

1520 2562 1586 2626 (6)
1630 2562 1708 2610 De
1748 2565 1869 2628 jure
1917 2571 2106 2610 παίων-ω
2152 2573 2195 2612 et
2224 2566 2465 2628 qaudam,

1452 2656 1562 2693 tom.
1604 2660 1621 2693 1
1645 2682 1661 2707 ,
1695 2646 1775 2694 lib.
1822 2663 1869 2694 vr
1896 2683 1909 2707 ‚
1941 2663 2042 2710 cap.
2092 2663 2140 2706 1,
2188 2644 2254 2694 De
2289 2641 2468 2692 Matri-

1451 2729 1640 2786 monio,
1685 2727 1711 2793 §
1768 2725 1860 2786 16,
1906 2728 2198 2775 Francofurti
2249 2727 2307 2775 ad
2353 2727 2470 2775 Moe-

1460 2828 1575 2857 num
1610 2806 1750 2874 1706.

1525 2893 1588 2955 (7)
1627 2891 1848 2939 Institut.
1876 2892 1925 2939 T
1923 2891 2149 2955 heoloyioe
2165 2891 2468 2956 doqmaticae,

1449 2974 1537 3022 lib.
1567 2970 1614 3034 r,
1635 2990 1738 3038 cap.
1761 2970 1813 3036 4,
1834 2972 1860 3039 ᾗ
1885 2971 1971 3039 47,
1991 2976 2041 3021 in
2067 2984 2166 3021 not.
2190 2992 2294 3040 pag.
2322 2976 2467 3041 1319,

1451 3055 1579 3121 Lips.
1643 3054 1763 3123 1741
1805 3073 1819 3119 3
1878 3056 2051 3121 quibus
2117 3057 2359 3104 addendus
2408 3065 2475 3105 est

1451 3138 1537 3187 W.
1566 3138 1725 3186 Lowth
1750 3141 1799 3186 in
1829 3139 1939 3187 adn.
1976 3139 2034 3187 ad
2061 3139 2155 3188 loc.
2189 3142 2268 3187 cit.
2308 3138 2472 3187 Socra-

1451 3224 1509 3270 tis
1529 3260 1540 3282 ,
1571 3224 1652 3289 qui
1687 3232 1896 3287 praeterea
1928 3237 1983 3269 ex
2011 3223 2101 3270 alio
2137 3225 2283 3287 capite
2321 3231 2481 3269 osten-

1453 3303 1552 3364 dit,
1596 3304 1757 3352 falsam
1787 3320 1879 3352 esse
1905 3302 2102 3351 Socratis
2123 3305 2431 3352 narrationem
2459 3337 2473 3360 ‚

1454 3389 1568 3436 dum
1602 3388 1740 3436 refert
1766 3386 1996 3435 Justinam
2027 3390 2251 3452 virginem
2295 3387 2432 3433 fuisse
2457 3401 2472 3447 ;

1455 3487 1512 3518 ex
1542 3470 1724 3519 Zosimo
1748 3472 1869 3519 enim
1888 3480 2086 3531 constat,
2101 3469 2331 3517 Justinam
2350 3468 2476 3530 prius

1460 3561 1659 3619 nuptam
1685 3555 1825 3603 fuisse
1860 3554 2127 3619 Magnentio
2168 3563 2383 3618 tyranno.
