2508 4120
323 81 442 141 334

950 94 1273 135 TRACTATUS
1316 97 1385 134 DE
1430 95 1719 136 asumma
1727 98 1804 138 10‘.

327 246 528 330 sponsi
554 260 752 301 coram
773 243 894 300 Deo
915 245 1086 318 juxta
1111 238 1376 298 tribunal
1404 239 1691 301 Ecclesiae.
1713 241 1854 314 Quis
1885 260 2060 322 porro
2085 266 2208 306 non
2237 247 2455 322 videat,

328 338 541 406 exinde
566 336 751 395 animi
779 357 882 395 seu
917 336 1287 395 conscientiae
1311 335 1786 418 perturbationes
1824 337 1996 414 oriri,
2031 359 2263 402 morum
2287 344 2468 403 hone-

327 445 542 495 statem
569 431 920 514 periclitari‚
964 452 1029 490 ac
1070 432 1384 492 innumera
1416 454 1603 516 prope
1641 431 1794 493 mala
1845 433 2163 516 progigni?
2202 436 2468 499 Alterum

325 528 797 603 incommodum,
826 527 987 610 quod
1011 550 1083 587 ex
1109 528 1318 588 eodem
1340 529 1632 611 principio
1658 527 1923 589 dimanat
1939 575 1957 606 ‚
1981 542 2122 589 sunt
2146 531 2469 596 simultates

327 637 388 689 et
423 627 654 708 jurgia,
695 646 824 708 quae
870 635 1076 708 suapte
1123 637 1336 685 natura
1386 626 1541 685 inter
1586 626 1888 687 civitatem
1925 638 1984 686 et
2026 626 2341 688 Ecclesiam
2375 631 2471 690 in-

328 735 548 784 teresse
591 722 816 782 debent
845 769 860 795 ,
902 726 989 780 uti
1024 723 1389 804 experientia
1443 721 1702 781 ostendit
1730 722 1795 780 in
1840 721 1955 781 illis
1996 723 2332 803 regionibus
2355 769 2377 797 ,
2411 728 2476 785 in

330 819 544 904 quibus
568 819 858 900 ejusmodi
871 817 1157 899 legislatio
1180 817 1456 899 viget<l).
1476 817 1651 893 Quid,
1675 818 1722 877 si
1745 830 2015 899 ageretur
2037 818 2112 878 de
2128 822 2471 903 provinciiS‚

330 919 395 977 in
430 916 647 1000 quibus
680 915 1069 999 dominantur
1105 915 1402 998 Principes
1431 915 1771 989 acatholici,
1799 915 2017 998 quique
2053 927 2121 974 ut
2152 915 2476 999 plurimum

333 1014 497 1073 omni
516 1035 631 1096 qua
650 1023 900 1096 possunt
924 1033 1105 1094 opera
1136 1011 1448 1071 Catholicae
1471 1010 1738 1091 religioni
1763 1011 2170 1092 extinguendae
2191 1012 2434 1073 student
2450 1014 2479 1072 ‘z‘

332 1108 641 1192 Numquid
673 1120 800 1167 rata
832 1131 957 1168 non
993 1120 1172 1167 erunt
1205 1110 1470 1188 conjugia
1491 1154 1506 1182 7
1533 1128 1660 1190 quae
1674 1107 1958 1169 Catholici
1990 1110 2210 1169 inirent
2240 1110 2480 1192 quidem

326 1211 498 1286 juxta
535 1205 802 1266 Ecclesiae
825 1204 981 1286 leges
1005 1250 1020 1280 ,
1044 1216 1106 1267 at
1132 1216 1336 1264 contra
1375 1204 1529 1285 leges
1551 1250 1569 1280 ,
1613 1226 1757 1288 quas
1803 1217 2132 1267 sanxerunt
2182 1207 2482 1290 Principes

336 1301 642 1363 acatholici
673 1301 808 1385 (2)?

407 1538 472 1602 (l)
509 1538 790 1603 Roskovany
810 1554 885 1602 op.
916 1535 1044 1602 cit.§
1069 1552 1148 1597 ιο,
1174 1537 1373 1602 loquens

338 1622 396 1671 de
412 1621 705 1687 legislatione
736 1621 1006 1679 Austriaca‚
1037 1620 1136 1668 haec
1171 1618 1320 1668 habet
1359 1636 1373 1667 ε

339 1704 752 1770 Archiepiseopus
789 1702 1093 1753 Viennensis
1117 1702 1183 1750 ad
1215 1718 1376 1750 omnes

339 1786 602 1835 dioeceseos
631 1802 735 1835 suoe
750 1783 1239 1851 parochoscirculare
1256 1787 1378 1833 emi-

341 1871 408 1918 sit
436 1869 490 1917 id
525 1870 777 1917 continens
810 1887 825 1918 .·
866 1868 937 1918 Ut
962 1885 1126 1917 omnes
1151 1867 1375 1934 parochi,

341 1954 578 2018 quoniam
613 1951 775 2002 civilis
811 1953 1087 2000 constitutio
1120 1956 1376 2000 matrimo-

342 2034 495 2083 nialis
540 2035 606 2082 ad
641 2043 942 2083 contractum
975 2034 1128 2083 solum
1150 2072 1164 2095 ‚
1202 2045 1249 2083 et
1280 2051 1379 2082 non

344 2134 450 2166 una
479 2118 546 2165 ad
563 2114 935 2166 Sacramentum
951 2117 1078 2181 foret
1105 2117 1376 2181 referenda,

346 2201 608 2248 canonicas
637 2201 910 2246 sanctiones
941 2201 1072 2246 circa
1113 2200 1379 2247 Matrimo-

347 2284 491 2330 nium
507 2280 724 2347 perlatas
750 2280 975 2347 deinceps
1003 2298 1187 2346 quoque
1225 2282 1382 2329 obser-

348 2381 462 2418 vare
493 2373 768 2430 pergerent.
794 2362 870 2412 At
899 2365 1009 2423 ver-‚o
1044 2362 1287 2428 leqislator
1310 2366 1382 2413 ci·-

349 2447 460 2496 vilis
488 2450 604 2514 jam
649 2464 786 2495 nunc
833 2447 1008 2494 diserte
1054 2445 1319 2494 declaravit
1347 2466 1383 2493 ⁸:

274 2598 276 2600 r
344 2549 435 2599 per
449 2548 588 2579 suam
603 2529 993 2579 constitutionem
1005 2532 1255 2578 canonicis
1270 2547 1386 2596 quo-

350 2631 441 2679 que
453 2615 714 2679 praeceptis
739 2614 902 2679 ipsum
922 2610 1297 2661 Sacramentum
1313 2622 1387 2662 at-

353 2695 623 2745 tinentibus
659 2695 937 2759 deroyatum
971 2712 1098 2752 esse,
1134 2713 1390 2760 omnesque

355 2776 626 2845 Episcopos
679 2777 911 2843 obliqari‚
952 2788 1007 2826 ut
1063 2777 1240 2826 dehinc
1267 2781 1391 2827 civi-

355 2861 447 2910 lem
497 2861 754 2909 dumtaxat
795 2862 1184 2910 constitutionem
1233 2863 1393 2909 instar

356 2961 539 2993 normoe
564 2943 830 2993 observent.
866 2944 993 2994 Cum
1024 2954 1188 2993 autem
1211 2943 1390 3004 clerus,

359 3043 461 3076 non
490 3026 704 3075 obstante
729 3026 819 3075 hac
854 3026 1177 3076 declaratione
1203 3067 1216 3089 ‚
1244 3043 1393 3095 porro

360 3114 508 3162 etiam
527 3111 696 3179 plures
724 3110 780 3161 in
802 3114 957 3178 praxi
972 3112 1276 3179 difficultates
1289 3112 1393 3178 sor·

363 3206 516 3245 maret
539 3236 552 3258 ,
583 3205 628 3245 et
657 3193 1034 3246 Matrimonium
1053 3235 1067 3260 ,
1094 3199 1221 3263 quod
1247 3215 1394 3246 cano-

363 3281 495 3328 nicis
510 3280 759 3345 requisitis
777 3280 868 3327 rite
887 3280 1284 3328 concurrentibus
1303 3281 1396 3328 ini·

361 3368 469 3410 -tum
510 3371 658 3423 esset,
690 3370 745 3411 ut
774 3379 941 3412 aarum
978 3370 1230 3427 ratumque
1259 3379 1289 3410 a
1326 3362 1397 3411 οἰ-

367 3442 513 3492 vitate
542 3446 744 3509 aynosci
771 3444 941 3493 debere
964 3443 1134 3512 palam
1164 3445 1399 3492 enuncia-

367 3534 470 3585 ret,
490 3525 785 3577 diuturnum
806 3535 1025 3577 exortum
1048 3536 1115 3576 est
1129 3536 1395 3588 certamen,

366 3607 498 3673 quod
510 3609 666 3675 effecit
684 3647 697 3671 ‚
714 3619 767 3659 ut
796 3610 1211 3677 dispensationum
1232 3609 1403 3659 matri-

1459 1535 1750 1584 monialium
1768 1538 2122 1602 systema-intra
2137 1535 2203 1601 4ο
2218 1554 2375 1585 annos
2379 1537 2491 1603 plu·

1459 1620 1556 1667 ries
1586 1627 1873 1668 mutaretur.
1899 1617 1951 1666 E
1944 1619 2245 1686 phemerides
2266 1619 2484 1685 Aschaf-

1454 1701 1796 1767 fenburqenses
1844 1719 1925 1750 an.
1976 1700 2104 1766 1834
2127 1739 2141 1762 ,
2203 1718 2312 1768 pag.
2355 1702 2455 1769 470
2472 1737 2488 1762 ‚

1462 1795 1739 1834 eventurum
1793 1787 2139 1832 annunciarunt
2186 1786 2236 1832 in
2295 1787 2492 1851 imperio

1465 1867 1727 1928 Austriaco,
1741 1875 1794 1915 ut
1807 1866 2001 1915 demum
2015 1869 2263 1917 conventio
2279 1885 2362 1916 seu
2378 1885 2495 1917 con-

1465 1950 1715 1999 cordatum
1744 1941 1884 2015 fieret
1919 1968 2030 1998 cum
2061 1950 2183 2009 Sede
2217 1950 2494 2018 Apostolica

1466 2035 1531 2084 ad
1563 2052 1752 2083 omnem
1783 2034 2073 2083 collisionem
2101 2036 2302 2101 jurium
2330 2035 2496 2085 tollen-

1466 2117 1598 2167 dam.
1630 2117 1765 2183 Quod
1795 2136 1902 2166 vero
1936 2118 2115 2166 dictum
2152 2130 2218 2167 est
2257 2119 2315 2167 de
2356 2120 2492 2185 legis-

1466 2201 1643 2249 latione
1665 2200 1902 2248 Austriaca
1922 2237 1935 2258 ‚
1966 2200 2057 2248 dici
2095 2203 2193 2265 pari
2215 2203 2320 2266 jure
2356 2201 2495 2251 debet

1468 2284 1527 2333 de
1543 2283 1832 2348 legislatione
1854 2280 2034 2331 Gallica
2056 2320 2070 2343 ,
2089 2301 2143 2331 ex
2168 2301 2260 2349 qua
2289 2301 2386 2333 non
2407 2288 2495 2332 mi-

1469 2385 1582 2416 nora
1608 2366 1909 2415 incommoda
1936 2377 2032 2414 orta
2058 2377 2167 2416 sunt
2208 2377 2255 2415 ct
2290 2370 2497 2433 quotidie

1473 2451 1628 2499 adhuc
1648 2452 1884 2498 oriuntur.

1546 2532 1610 2598 (2)
1630 2532 1866 2598 Equidem
1882 2535 2010 2592 novi,
2036 2531 2242 2582 Carriere
2253 2550 2494 2598 reponere,

1478 2615 1598 2665 nihil
1628 2633 1759 2681 posse
1786 2614 2020 2681 Principes
2046 2617 2096 2664 in
2112 2616 2494 2679 destructionem,

1477 2700 1679 2765 ideoque
1712 2698 1887 2747 nullius
1907 2701 1975 2747 vis
1991 2699 2087 2748 fore
2111 2699 2251 2763 leges,
2271 2715 2387 2763 quas
2407 2701 2501 2748 sive

1477 2781 1709 2831 Catholici
1749 2783 1843 2830 sive
1879 2781 2120 2830 acatholici
2160 2783 2347 2847 iniquas
2378 2782 2500 2830 tule-

1477 2867 1592 2912 rint.
1627 2866 1709 2912 Ast
1746 2873 1923 2929 quaerat
1954 2866 2051 2929 ipse
2074 2864 2132 2911 ab
2157 2864 2247 2911 illis
2279 2863 2501 2929 Principi-

1476 2946 1566 2994 bus
1587 2981 1604 3006 ‚
1639 2955 1796 2993 utrum
1824 2945 1943 3010 leges
1961 2982 1973 3001 ,
2003 2960 2107 3011 quae
2126 2962 2221 2993 non
2237 2948 2298 2994 ita
2323 2947 2504 3011 pridem

1479 3031 1529 3076 in
1557 3028 1822 3093 regionibus
1847 3025 2012 3075 Galliae
2038 3027 2250 3076 finitimis
2270 3065 2283 3088 ‚
2315 3028 2372 3076 de
2405 3032 2504 3095 qui-

1479 3111 1570 3160 bus
1612 3109 1752 3177 paulo
1796 3121 1898 3176 post
1935 3128 2123 3176 agemus
2155 3148 2168 3171 ,
2201 3109 2305 3159 latae
2351 3122 2503 3171 sunt,

1479 3198 1611 3262 justae
1637 3196 1729 3242 sint
1743 3212 1804 3242 an
1831 3210 1939 3242 vero
1972 3197 2192 3260 injus-taff?
2218 3192 2330 3259 Quis
2360 3194 2506 3260 judex

1484 3280 1607 3325 erit?
1643 3276 1715 3325 Illi
1741 3278 2016 3344 justissimas
2039 3283 2087 3325 et
2125 3278 2408 3343 aequissimas
2428 3293 2504 3324 re·-

1486 3358 1752 3426 putabunt,
1773 3359 2002 3408 Catholici
2030 3376 2136 3409 vero
2161 3361 2353 3425 injustas
2370 3358 2505 3424 plane

1487 3453 1532 3492 et
1562 3445 1748 3509 iniquas
1776 3442 1949 3491 dicent.
1974 3441 2033 3491 Et
2051 3459 2109 3492 en
2142 3442 2390 3492 collisionis
2408 3439 2504 3487 fon-

1490 3537 1585 3575 tem
1620 3526 1931 3575 uberrimum.
