2508 4120
278 140 393 200 154
990 156 1313 199 :remu-rus
1355 160 1428 200 nr.
1468 162 1696 202 cummi.

274 317 537 375 textum,
569 306 631 362 in
660 322 871 382 genere
909 301 1231 361 masculino
1255 301 1515 363 reddunt
1542 305 1692 367 hanc
1717 327 1943 369 vocem.
1979 308 2208 389 Syriaca
2249 332 2263 368 :
2298 310 2402 371 Mi

273 423 403 461 vere
419 402 670 466 sodalis,·
692 397 971 479 AEtiopica
1002 399 1258 458 :Frater
1276 404 1371 457 mi
1385 410 1441 458 et
1461 406 1610 458 socie
1635 406 1726 461 mi
1736 424 1756 472 ;
1775 402 2044 462 Arabica:
2069 410 2117 463 0
2140 407 2397 464 candide

274 499 506 576 Syzyya
524 495 635 575 (1).
658 496 776 553 Nec
793 492 904 552 alio
930 515 1105 552 sensu
1129 494 1398 553 eamdem
1431 516 1634 556 vocem
1661 510 1964 579 exponunt
1979 500 2177 558 Patres
2195 521 2398 560 omnes

274 591 459 651 Graeci
486 602 545 649 et
560 591 765 649 Latini.
804 593 990 671 Atque
1016 589 1111 650 hic
1126 612 1458 651 sermonem
1473 612 1595 650 esse
1612 591 1686 651 de
1704 586 1948 675 cooy‘uqe
1963 639 1985 666 ,
2009 596 2242 673 falsum
2258 596 2400 655 dicit

274 689 330 746 S.
348 689 383 745 J
387 694 521 745 oan.
546 686 1013 766 ChrysostomuS,
1039 686 1436 746 Theodoretus
1455 689 1726 746 stultum.
1759 689 2158 769 lpsiCalvinus
2177 701 2236 749 et
2257 692 2403 750 Beza

271 782 480 841 eodem
496 803 670 840 sensu
691 781 843 840 hanc
858 803 1063 841 vocem
1078 793 1426 864 acceperunt
1449 783 1538 862 (2)
1555 808 1570 856 ς
1590 803 1699 842 nec
1724 781 2007 859 abnuunt,
2038 789 2158 844 imo
2182 787 2262 844 ita
2276 806 2408 845 esse

278 877 622 938 vertendam
666 877 1036 937 contendunt
1065 880 1414 939 recentiores
1445 881 1840 939 protestantes
1866 878 1992 958 (3);
2021 902 2130 940 nec
2151 882 2398 956 desunt,

273 974 375 1055 qui
397 979 602 1053 Σὺζυγον
626 974 965 1032 existiment
997 973 1172 1032 fuisse
1212 996 1431 1033 nomen
1468 974 1808 1056 proprium„
1853 985 1919 1032 ut
1959 985 2122 1055 patet
2148 996 2220 1034 ex
2259 997 2402 1038 ver·-

272 1070 435 1128 sione
460 1069 687 1128 arabica
713 1069 828 1149 (4).

360 1165 497 1224 163.
526 1165 797 1224 Clemens
829 1186 1003 1247 porro
1037 1163 1312 1247 deceptus
1342 1176 1432 1224 est
1461 1186 1533 1224 ex
1563 1165 1716 1224 vocis
1754 1166 2215 1247 aequivocatione
2240 1191 2256 1240 ς
2297 1187 2409 1226 ῐιθειΔ

274 1271 455 1320 tantae
502 1271 784 1342 praeterea
822 1260 1179 1319 auctoritatis
1210 1272 1307 1320 est
1346 1260 1656 1338 Clemens,
1708 1274 1775 1320 ut
1813 1263 1925 1342 ipsi
1967 1262 2241 1343 praeferre
2282 1285 2406 1321 non

272 1357 593 1417 debeamus
611 1378 988 1416 communem
1008 1359 1250 1416 Patrum
1268 1378 1638 1434 consensum,
1662 1379 2011 1418 consensum
2030 1359 2408 1440 antiquarum

278 1454 614 1515 versionum
641 1499 656 1526 ,
696 1465 753 1512 et
780 1453 938 1535 quod
963 1465 1140 1535 caput
1173 1465 1261 1512 est
1280 1499 1296 1528 ,
1336 1456 1744 1513 auctoritatem
1782 1456 1962 1536 ipsius
2003 1454 2262 1536 Apostoli
2291 1454 2401 1534 (5).

359 1550 494 1608 164.
546 1549 633 1608 Ad
683 1550 766 1608 3¹1¹
787 1595 803 1621 ,
854 1553 996 1628 Ney.
1033 1554 1201 1626 juxta
1243 1549 1417 1608 dicta.
1475 1551 1541 1607 In
1589 1549 1843 1608 Concilio
1891 1562 2090 1609 autem
2136 1551 2367 1608 Nicaeno
2386 1594 2402 1623 ,

278 1646 586 1726 agentibus
619 1646 991 1728 potissimum
1018 1644 1181 1703 Sedis
1216 1644 1551 1726 Apostolicae
1582 1644 1817 1725 legatiS,
1861 1657 1926 1704 ut
1963 1645 2279 1706 verisimile
2315 1645 2409 1703 vi-

274 1742 485 1818 detur.
526 1743 895 1825 propositum
930 1752 1054 1800 erat
1080 1740 1342 1800 Ecclesiae
1377 1743 1651 1800 Romanae
1691 1740 2060 1823 disciplinam
2092 1740 2415 1799 extendere

273 1839 349 1898 ad
384 1839 697 1898 Ecclesiam
738 1836 1156 1898 universalem.
1198 1837 1433 1895 Restitit
1472 1836 1836 1918 Paphnutius
1868 1836 2062 1917 quoad
2096 1836 2227 1894 illos
2272 1846 2408 1894 tan-

274 1946 402 1993 tum
430 1980 444 2006 ,
488 1935 589 2026 qui
626 1935 1004 1992 matrimonio
1047 1933 1236 2009 juncti
1261 1932 1339 1990 ad.
1377 1954 1565 1991 sacros
1598 1932 1848 1991 Ordines
1884 1931 2324 2012 Presbyteratus
2349 1942 2409 1991 et

273 2031 625 2088 Diaconatus
656 2029 1093 2098 ascendissent;
1134 2027 1329 2109 quoad
1352 2027 1605 2109 reliquos
1633 2049 1806 2104 vero,
1841 2029 1940 2109 qui
1966 2027 2193 2088 caelibes
2235 2028 2411 2086 sacris

273 2125 594 2185 Ordinibus
627 2125 840 2183 initiati
879 2133 1073 2183 essent
1094 2167 1112 2198 ‚
1142 2122 1495 2184 servandam
1523 2124 1750 2182 censuit
1778 2129 2096 2202 antiquam
2122 2123 2407 2182 Ecclesiae

276 2223 664 2281 traditionem
710 2220 783 2279 de
819 2242 941 2277 non
977 2217 1248 2302 ineundis
1300 2219 1537 2300 nuptiis,
1588 2218 1839 2277 Consilio
1883 2218 2202 2300 Paphnutii
2249 2239 2410 2277 sacer

276 2317 518 2375 Patrum
534 2337 832 2376 consessus
850 2315 1163 2395 acquievit.
1191 2315 1274 2372 Ex
1302 2313 1392 2372 his
1417 2325 1579 2396 patet
1599 2359 1614 2387 .‚
1643 2314 1940 2373 Nicaenam
1957 2315 2255 2394 Synodum
2273 2317 2408 2373 Pro-

275 2411 624 2473 testantibus
658 2413 900 2470 minime
934 2410 1317 2493 patrocinari3
1364 2431 1496 2468 cum
1518 2410 1631 2491 ipsi
1655 2409 2053 2481 contendant,
2086 2432 2290 2491 posse,
2331 2410 2408 2468 ad.

277 2509 726 2571 emendatorum
756 2528 997 2567 suorum
1030 2505 1368 2587 exemplum
1389 2551 1405 2580 ,
1439 2506 1611 2564 sacris
1644 2510 1770 2583 jam
1801 2505 2120 2565 Ordinibus
2150 2507 2408 2565 initiatos

278 2703 511 2767 politanus
524 2712 658 2750 vocat
671 2701 906 2750 Christum
919 2699 1110 2764 σ-όζυγον
1131 2701 1299 2762 Patris,
1389 2702 1701 2760 existimant,
1734 2700 1800 2746 ad
1827 2716 1966 2764 quem
1978 2717 2071 2765 per
2097 2697 2411 2765 apostrophen

284 2796 330 2834 et
367 2784 695 2850 Aristophanes
728 2788 777 2832 in
816 2784 961 2832 Pluto
994 2786 1156 2833 eadem
1193 2801 1305 2832 voce
1388 2800 1436 2830 se
1461 2791 1612 2830 vertat
1634 2784 1813 2841 oratio,
1850 2790 2097 2846 tamquam
2120 2788 2406 2846 praesentem

283 2870 431 2916 utitur
468 2868 527 2914 ad
573 2867 928 2931 significandum
970 2866 1265 2914 consodalem
1288 2902 1302 2926 ‚
1381 2865 1608 2929 futurum
1622 2898 1638 2921 ‚
1667 2863 1755 2910 ubi
1777 2861 1974 2929 epistola
1994 2862 2096 2909 hoec
2125 2863 2182 2908 in
2210 2860 2407 2927 Philip-

286 2961 648 3018 cooperatorem.
1380 2948 1611 3012 pensium
1638 2943 1854 2993 Ecclesia
1883 2943 2131 3008 leqeretur.
2152 2943 2249 2992 Csr.
2270 2947 2409 2993 etiam

358 3034 424 3098 (l)
461 3035 516 3081 In
539 3031 793 3097 Polyqlott.
816 3030 887 3079 W
885 3030 1030 3080 alcon.
1051 3041 1224 3079 tom.v.
1388 3029 1549 3094 Koppe
1580 3031 1629 3075 in
1656 3029 1805 3092 Epist.
1831 3025 1881 3076 S.
1914 3027 2067 3075 Pa'uli.

355 3119 418 3182 (2)
455 3118 556 3166 Cfr.
588 3117 743 3165 Estius
776 3118 827 3163 in
861 3117 989 3164 hune
1018 3116 1190 3164 locum.
1459 3111 1529 3175 (li)
1572 3111 1701 3160 Ibid.

353 3201 428 3265 (3)
458 3200 535 3248 Sic
554 3202 679 3249 enim
704 3201 754 3246 in
774 3199 903 3246 hunc
928 3215 1112 3246 versum
1148 3195 1307 3245 scribit
1463 3196 1528 3258 (5)
1569 3195 1667 3243 Cfr.
1697 3195 1836 3242 Anot.
1883 3193 2069 3242 Potterii
2099 3196 2151 3242 in
2192 3194 2285 3241 loc.
2333 3195 2408 3240 cit.

286 3285 611 3334 Rosenmiiller
637 3302 655 3331 .·
674 3280 880 3346 Σόζυγος
899 3298 997 3329 nou
1020 3290 1208 3329 tantum
1233 3280 1309 3327 di·
1394 3277 1542 3324 Clem.
1563 3276 1864 3324 Alexandrini
1886 3292 1899 3337 3
1918 3294 2006 3324 nec
2035 3292 2130 3323 non
2148 3271 2410 3323 Cotelerius

288 3369 418 3414 citur
450 3368 507 3415 de
546 3368 855 3416 matrimonio
879 3365 1105 3431 junctis,
1143 3379 1310 3410 verum
1393 3362 1444 3407 in
1470 3369 1566 3407 not.
1601 3356 1668 3421 44
1710 3358 1767 3406 ad
1812 3359 2050 3423 epistolam
2084 3359 2406 3423 interpolatam

290 3451 436 3497 etiam
463 3450 520 3496 de
547 3450 760 3515 colle9i⁸‚
792 3457 846 3497 ut
872 3449 935 3495 sit
962 3463 1052 3513 pro
1080 3441 1306 3511 συνεργὲς.
1395 3442 1446 3491 S.
1477 3442 1641 3508 Ignatii
1669 3442 1737 3491 M.
1770 3443 1827 3490 ad
1858 3442 2259 3508 philadelphenos.
2288 3438 2408 3487 Nam

295 3529 538 3595 Intelliqit
554 3532 711 3595 iqitur
726 3531 1003 3596 (Apostolus)
1019 3529 1311 3594 episcopum,
1400 3537 1443 3576 et
1473 3528 1551 3575 hic
1581 3525 1881 3591 interpolator
1903 3530 2022 3575 inter
2038 3524 2277 3592 Apostolos
2292 3539 2405 3571 con-

293 3611 370 3662 vel
400 3614 620 3679 primum
658 3615 784 3662 inter
794 3613 1091 3681 presbyteros
1120 3609 1320 3675 Philip·
1400 3613 1575 3677 jugatos
1606 3618 1810 3660 recenset
1840 3610 2057 3659 Paulum.

288 3708 480 3759 penses.
502 3694 898 3762 Epaphroditum
917 3692 1148 3745 nonnulli
1165 3693 1320 3758 fuisse
