2508 4120
280 156 394 215 156

989 173 1309 215 TRAGTATUS
1352 178 1420 215 DE
1462 179 1684 218 omium.

278 321 715 402 Episcoporum‚
739 316 1219 398 Presbyterorum
1236 330 1296 379 et
1312 320 1720 401 Diaconorum,
1749 324 1848 405 qui
1871 323 2112 405 impune
2131 326 2395 405 conjugio

278 428 420 475 ante
459 412 906 473 ordinationem
943 414 1088 473 inito
1129 415 1219 473 usi
1262 415 1514 493 suerint,
1560 416 1654 476 vel
1700 420 1972 500 nuptiaS,
2019 419 2399 480 Ordinatione

271 516 394 590 jam
446 520 710 590 suscepta
733 554 750 584 7
797 510 1055 571 inierint.
1102 514 1172 569 In
1205 510 1465 571 Ecclesiis
1513 512 1922 592 orientalibus,
1970 525 2283 596 antequam
2337 517 2401 574 in

276 605 721 689 particularibus
763 605 1109 667 dioecesibus
1158 607 1252 667 lex
1291 609 1665 668 continentiae
1698 612 2147 671 constitueretur
2173 657 2188 685 ,
2235 615 2402 691 juxta

277 724 343 761 ea
367 701 440 760 de
465 700 675 783 quibus
703 703 763 760 in
789 704 1072 784 superiori
1088 705 1463 785 responsione
1492 706 1713 785 egimus
1735 751 1751 780 a
1777 719 2087 766 occurrunt
2119 706 2403 766 nonnulla

278 797 544 879 exempla
566 797 640 856 ab
664 797 1007 858 adversariis
1037 799 1209 858 allata
1227 845 1244 873 ‚
1277 821 1406 881 quae
1430 811 1740 882 propterea
1756 811 1884 860 tuto
1908 803 2100 861 omitti
2125 812 2400 883 possunt,

276 893 523 976 perinde
561 915 626 953 ac
660 894 883 977 reliqua
923 916 1050 978 quae
1084 895 1381 972 subdunt7
1423 918 1557 955 cum
1598 896 1673 956 ad
1710 918 1835 956 rem
1883 909 2235 978 praesentem
2281 920 2403 957 non

278 990 492 1049 faciant
526 990 638 1072 (l).

366 1087 502 1145 166.
553 1087 724 1160 Quod
765 1086 1067 1169 speciatim
1112 1087 1324 1147 attinet
1367 1087 1443 1147 ad
1485 1089 1539 1146 S.
1585 1088 1924 1168 Gregorium
1976 1088 2404 1148 Nazianzenum

282 1184 572 1242 seniorem
594 1229 608 1256 a
636 1181 937 1262 Stiltingus
964 1183 1125 1241 omni
1153 1194 1633 1263 argumentorum
1663 1206 1872 1263 genere
1908 1185 2128 1244 invicte
2154 1184 2410 1245 ostendit

280 1276 560 1338 adversus
577 1278 1018 1339 Tillemontium
1046 1324 1062 1353 ‚
1100 1278 1270 1337 illum
1296 1280 1535 1339 nonnisi
1575 1291 1711 1340 ante
1735 1281 2146 1363 Episcopatum
2169 1280 2315 1339 filios
2338 1301 2411 1340 ex

280 1375 337 1432 S.
355 1377 563 1434 Nonna
582 1375 955 1457 progenuisse
975 1420 991 1449 .‚
1019 1373 1268 1456 ideoque
1294 1386 1353 1434 et
1377 1377 1432 1434 S.
1468 1376 1808 1456 Gregorium
1831 1387 2216 1456 cognomento
2240 1375 2411 1435 theo-—

281 1468 480 1550 logum
520 1476 640 1550 ejus
671 1482 817 1530 natu
854 1471 1176 1530 maximum
1210 1471 1317 1551 (2).

367 1568 506 1626 167.
557 1567 823 1647 Synodus
856 1567 1160 1645 Ancyrana
1193 1565 1266 1625 de
1293 1567 1360 1624 iis
1382 1566 1649 1625 Diaconis
1673 1566 1932 1647 loquitur
1951 1612 1966 1642 ‚
1994 1567 2095 1647 qui
2122 1566 2293 1627 inviti
2332 1566 2410 1625 ad

282 1661 730 1720 ordinationem
752 1659 1163 1742 rapiebantur,
1187 1672 1364 1742 prout
1386 1683 1506 1719 non
1530 1661 1711 1720 semel
1736 1683 1802 1721 ea
1827 1673 1994 1721 aetate
2011 1661 2407 1741 contingebat⁷

284 1780 416 1839 quae
444 1779 535 1816 res
571 1757 747 1838 plena
779 1755 919 1816 aleae
946 1767 1069 1815 erat
1094 1756 1210 1836 (3).

369 1852 505 1911 168.
552 1851 826 1910 Trullana
854 1850 1094 1910 demum
1124 1851 1418 1932 SynoduS,
1457 1863 1524 1910 ut
1548 1863 1720 1911 antea
1743 1854 2113 1927 monuimUS‚
2146 1853 2411 1935 permisit

284 1959 485 2007 contra
515 1950 806 2026 majorum
834 1946 1136 2022 instituta,
1162 1958 1230 2005 ut
1246 1947 1484 2005 Diaconi
1507 1959 1567 2006 et
1581 1947 1911 2028 Presbyteri
1924 1947 2081 2008 licite
2099 1948 2413 2010 convenire

285 2055 522 2125 possent
547 2065 693 2116 cum.
714 2041 991 2102 uxoribus
1005 2086 1026 2115 ,
1057 2065 1198 2124 quas
1224 2054 1361 2103 ante
1399 2043 1841 2104 Ordinationem
1861 2044 2182 2119 duxerant3
2209 2066 2322 2127 qua
2350 2046 2415 2103 in

354 2281 419 2345 (1)
457 2281 555 2330 Cfr.
588 2281 851 2330 Renaudot.
876 2280 1155 2346 Perpetuitb
1180 2278 1305 2328 dela

281 2363 387 2428 foi,
428 2374 544 2412 tom.
577 2382 624 2423 v,
657 2364 735 2412 liv.
765 2381 842 2420 vr,
883 2362 961 2411 ch.
993 2360 1046 2411 8.

353 2445 431 2512 ((2)
474 2446 714 2495 Dissertat.
780 2447 853 2494 De
892 2454 1097 2511 tempore
1151 2444 1308 2493 natali

287 2528 347 2579 S.
370 2530 600 2595 Greqorii
614 2527 860 2578 Nazianz.
875 2532 1105 2593 praemissa
1121 2540 1236 2578 tom.
1256 2547 1306 2577 ιιι

289 2614 460 2660 mensis
490 2610 798 2677 Septembris.

359 2693 420 2757 (3)
458 2695 565 2742 Fuit
589 2697 715 2742 enim
740 2696 971 2761 frequenti
993 2698 1043 2743 in
1078 2713 1165 2743 usu
1194 2697 1307 2760 posi-

290 2786 391 2825 tum
409 2813 425 2839 ,
454 2788 504 2825 ut
525 2780 627 2824 vitae
653 2781 953 2826 sanctimonia
979 2789 1025 2826 et
1053 2796 1207 2826 rerum
1232 2795 1306 2825 sa-

291 2876 471 2907 crarum
502 2862 692 2907 scientia
727 2862 928 2923 insignes
974 2859 1190 2906 monachi
1230 2868 1308 2905 aut

291 2946 342 2992 in
373 2944 545 3009 populo
573 2941 755 2991 caelibes
786 2943 844 2989 ad
874 2942 1142 2990 clericatum
1172 2956 1306 3005 rape-

293 3037 453 3076 rentur
474 3064 488 3086 ‚
522 3031 568 3075 et
599 3026 705 3074 licet
731 3027 864 3072 inviti
888 3042 940 3072 ac
974 3024 1274 3072 reclamantes
1291 3061 1303 3083 ‚

294 3109 354 3158 ab
396 3109 632 3174 Episcopis
654 3116 1047 3156 consecrarentur.
1078 3105 1155 3154 Sic
1182 3108 1308 3155 enim

297 3194 524 3258 contigit,
557 3202 608 3240 ut
644 3191 845 3239 diximus
868 3228 881 3250 ,
924 3189 977 3238 S.
1010 3190 1270 3255 Epiphanio
1297 3225 1309 3248 ,

296 3276 568 3324 Pauliniano
618 3276 747 3324 fratri
796 3292 1013 3338 germano
1047 3273 1098 3322 S.
1146 3274 1310 3322 [liero-

299 3362 429 3424 nymi
445 3397 457 3419 ‚
477 3359 529 3407 S.
547 3359 771 3419 Paulino,
793 3357 844 3408 S.
872 3356 1128 3422 Augustino
1150 3392 1163 3415 ‚
1185 3356 1311 3403 aliis-

301 3456 393 3504 que
423 3440 673 3504 permultis.
704 3438 1023 3488 Reclamantes
1046 3454 1153 3484 vero
1193 3436 1311 3484 sole-

303 3520 421 3568 bant
432 3522 712 3587 quandoque
727 3539 850 3583 vere,
868 3520 1148 3588 quandoque
1159 3527 1313 3566 autem

305 3602 500 3651 subdole
522 3640 536 3662 ‚
565 3614 617 3651 ut
634 3604 940 3665 elaberentur,
963 3602 1208 3661 affirmare,
1228 3603 1317 3648 sibi

305 3686 430 3736 haud
458 3686 662 3752 profecto
688 3687 954 3752 possibilem
990 3687 1198 3752 perfectae
1219 3701 1317 3733 cas-

1397 2283 1536 2329 titatis
1557 2282 1837 2330 custodiam.
1870 2280 1949 2330 Sic
1979 2284 2105 2331 enim
2137 2290 2411 2346 protestatus

1397 2375 1464 2413 est
1486 2364 1532 2412 S.
1560 2365 1786 2430 Synesius
1803 2402 1817 2426 ‚
1850 2368 2061 2431 quamvis
2094 2383 2192 2413 non
2219 2374 2407 2429 raptus,

1397 2446 1476 2493 sed
1526 2446 1766 2494 dumtaxat
1815 2448 1995 2494 invitus
2043 2447 2100 2494 ad
2153 2446 2414 2511 Pentapoli-

1397 2539 1510 2576 tanae
1575 2527 1871 2577 Ptolemaidis
1926 2529 2251 2594 Episcopatum
2314 2546 2416 2577 eve-

1397 2620 1516 2659 ctus.
1551 2610 1738 2676 Propter
1759 2611 1845 2659 hos
1864 2622 1986 2660 mota
2007 2612 2098 2659 fuit
2121 2612 2337 2677 quaestio‚
2356 2628 2415 2658 an

1399 2711 1502 2741 vere
1532 2704 1575 2742 et
1607 2712 1661 2742 ex
1711 2695 1848 2742 corde
1892 2704 2190 2759 protestantes
2222 2711 2300 2758 per
2323 2710 2414 2740 ma-

1397 2794 1548 2823 nuum
1581 2779 1923 2840 impositionem
1946 2777 2151 2824 adstricti
2182 2785 2329 2823 essent
2353 2775 2412 2822 ad

1397 2858 1587 2921 plenam
1613 2859 1934 2905 castimoniam
1957 2894 1969 2916 ‚
2000 2867 2044 2904 et
2071 2875 2096 2904 a
2131 2858 2347 2923 conjugio
2365 2858 2415 2903 in

1397 2951 1671 3004 perpetuum
1693 2940 1883 2987 exclusi.
1920 2939 1984 2986 Ea
2005 2957 2076 2987 res
2102 2942 2302 3004 asperior
2318 2941 2413 2987 visa

1399 3029 1465 3069 est
1498 3038 1552 3069 ac
1587 3022 1723 3085 plena
1762 3021 1991 3085 periculi,
2017 3038 2125 3069 cum
2163 3025 2413 3086 praesertim

1398 3103 1625 3153 nonnulla
1655 3120 1793 3167 prava
1819 3104 2028 3168 exempla
2056 3105 2108 3151 in
2144 3103 2302 3152 oculos
2335 3107 2411 3152 in-

1401 3196 1651 3235 currerent.
1670 3186 1791 3234 Hinc
1809 3186 2075 3247 factumest,
2097 3198 2148 3235 ut
2167 3188 2414 3254 Ancyrana

1401 3268 1616 3334 Synodus
1642 3269 1723 3317 tali
1752 3271 1927 3316 ratione
1971 3271 2191 3319 ordinatis
2230 3272 2412 3318 veniam

1403 3352 1564 3400 fecerit
1578 3388 1595 3414 ,
1626 3362 1676 3400 ut
1693 3353 2042 3400 matrimonium
2061 3355 2250 3401 inirent.
2280 3349 2411 3416 Quod

1406 3437 1569 3483 attinet
1599 3436 1658 3483 ad
1700 3433 1989 3499 Presbyteros
2010 3472 2026 3499 ‚
2073 3453 2181 3485 cum
2213 3435 2287 3482 isti
2320 3448 2415 3479 non

1408 3518 1682 3582 eligerentur
1710 3519 1799 3564 nisi
1830 3535 1952 3566 anno
1975 3520 2118 3567 aetatis
2147 3516 2381 3581 trigesimo
2402 3550 2414 3573 ‚

1409 3600 1585 3649 nullius
1638 3603 1861 3651 momenti
1907 3600 2184 3651 censebatur
2233 3597 2418 3645 illorum

1409 3685 1686 3750 protestatio.
