2508 4120
411 191 533 232 CAP.
581 193 662 230 ιιι.
714 194 780 229 DE
824 191 1211 229 lmrnnlmnnrls
1257 191 1634 246 mummonu,
1680 190 1807 229 ETc.
2059 166 2175 226 309

72 336 368 396 traditioni
383 335 666 395 inbaerere
678 375 699 404 ,
736 335 878 394 dum
896 345 1114 415 negant
1127 333 1391 393 Ecclesiae
1410 336 1758 413 potestatem
1788 329 2179 389 constituendi

71 430 493 512 impedimenta
527 430 896 509 originariam
915 474 931 503 .‚
957 440 1024 486 ut
1047 450 1172 487 eam
1199 426 1552 485 transferant
1577 427 1638 484 in
1665 424 1839 485 seculi
1862 424 2180 506 prinoipeS,

70 546 374 606 nunquam
404 534 679 606 poterunt
704 544 766 582 se
791 524 865 581 ab
901 521 1274 580 anathemate
1307 519 1650 580 Tridentino
1678 517 1996 578 subducere
2027 518 2136 596 (1).

855 695 1265 751 PROPOSITIO
1293 696 1388 751 IV.

73 857 334 933 Proef'ati
387 855 741 914 Tridentini
787 873 1040 911 canones
1092 874 1211 910 non
1266 853 1337 911 de
1387 852 1719 910 adventitia
1762 871 1833 909 ea·
1875 854 2052 910 tacito
2103 852 2192 908 vel

153 971 417 1029 expresso
458 951 827 1028 Principum
870 968 1188 1016 consensu,
1225 948 1328 1005 sed
1348 947 1418 1004 de
1451 949 1717 1018 intima,
1745 949 2089 1026 oriyinaria
2116 966 2190 1004 ac

145 1048 408 1125 propria
438 1044 716 1104 Ecclesioe
749 1052 1028 1121 potestate
1054 1047 1406 1120 loquuntur.

163 1221 298 1280 197.
346 1209 444 1279 Est
473 1219 544 1279 de
566 1218 680 1278 fide
703 1218 823 1277 haec
850 1219 1170 1299 propositio
1183 1261 1208 1290 ,
1235 1229 1302 1276 ut
1330 1228 1494 1299 patet
1518 1238 1589 1276 ex
1612 1219 1844 1277 constit.
1870 1217 2191 1298 dogmatica

78 1316 394 1375 Auctorem
413 1315 595 1392 fidei,
624 1314 685 1371 in
711 1334 825 1394 qua
844 1314 1140 1372 Doctrina
1163 1315 1381 1392 synodi
1423 1312 1829 1393 (pistoriensis
1846 1314 1869 1392 )
1886 1360 1903 1382 ,
1937 1334 2199 1371 asserens

79 1410 165 1466 ad
194 1429 535 1487 supremam
566 1411 801 1467 civilem·
820 1417 1168 1486 potestatem
1203 1408 1532 1466 dumtaxat
1561 1411 1901 1488 ori9inarie
1933 1418 2200 1487 spectare
2227 1472 2233 1482 ὲ

78 1506 419 1563 contractui
435 1502 829 1561 ,Matrimonii
843 1522 1139 1580 apponere
1161 1502 1585 1579 impedimenta
1611 1508 1741 1578 ‹y'us
1761 1506 2030 1582 generis,
2063 1523 2197 1580 quoe

78 1602 277 1677 ipsum
311 1597 552 1654 nullum
586 1595 875 1664 reddunt,
906 1596 1316 1673 dicunturque
1346 1596 1745 1662 dirimentia,·
1777 1597 1938 1674 quod
1942 1601 2058 1673 jus
2081 1598 2200 1654 ori·
2274 1648 2280 1662 ,

74 1694 396 1772 qinarium
425 1700 720 1770 proeterea
765 1691 996 1748 dicitur
1029 1710 1172 1748 cum
1193 1694 1345 1767 jure
1380 1690 1780 1768 dispensandi
1814 1690 2205 1749 essentialiter

78 1807 439 1854 connexum,
473 1787 865 1864 suby'unyens,
887 1788 1182 1863 supposito
1205 1805 1448 1843 assensu
1493 1785 1585 1842 vel
1607 1789 1988 1842 conniventia
2013 1785 2200 1842 Prin-

80 1879 301 1958 cipum
307 1882 569 1959 potuisse
613 1879 941 1937 Ecclesiam
966 1882 1136 1955 juste
1167 1880 1524 1936 constituere
1567 1879 1998 1955 impedimenta
2040 1879 2201 1936 diri-

83 1977 309 2032 mentia
352 1977 554 2052 ipsum
602 1982 975 2030 contractum
1026 1972 1418 2030 Matrimonii
1439 2006 1522 2017 -—
1555 1976 1735 2051 quasi
1770 1973 2043 2032 Ecclesia
2081 1992 2201 2031 non

83 2090 312 2148 semper
334 2071 599 2146 potuerit
633 2087 707 2125 ac
727 2071 919 2145 possit
961 2069 1031 2124 in
1071 2066 1570 2124 'Christianorum
1608 2067 2027 2126 Matrimoniis
2051 2070 2207 2143 jure

64 2229 65 2232 Ἴ
74 2167 326 2242 proprie
353 2163 780 2240 impedimenta
799 2164 1150 2219 constituere
1163 2203 1187 2231 ,
1210 2181 1343 2238 quoe
1363 2161 1838 2220 Matrimonium
1860 2182 1982 2219 non
2012 2162 2203 2219 solum

83 2257 420 2335 impediant
442 2302 460 2324 ,
509 2256 612 2314 sed
646 2265 700 2313 et
740 2256 981 2313 nullum
1029 2255 1289 2312 reddant
1334 2255 1537 2334 quoad
1575 2257 1891 2314 vinculum
1907 2298 1931 2327 ,
1978 2257 2205 2335 quihus

91 2351 426 2410 Christiani
456 2351 700 2409 obtricti
729 2359 1047 2408 teneantur
1076 2352 1260 2407 etiam
1291 2353 1360 2407 in
1388 2353 1562 2408 terris
1596 2350 1973 2427 infidelium)
2000 2354 2073 2409 in
2095 2355 2209 2410 iis·

90 2445 334 2522 demque
357 2445 701 2522 dispensare
715 2479 791 2488 —
810 2442 1125 2501 damnatur
1146 2454 1213 2500 ut
1235 2463 1539 2501 canonum
1574 2444 1695 2503 III
1700 2489 1719 2512 ,
1746 2444 1790 2503 I
1797 2445 1873 2512 V}
1908 2444 2036 2513 IX,
2074 2444 2215 2505 XII

91 2559 224 2596 sess.
260 2537 478 2597 XXIV
510 2537 682 2596 Conc.
739 2533 1094 2595 Tridentini
1123 2539 1411 2605 eversiva,
1450 2538 1728 2595 Iioeretica
1771 2537 1796 2617 (
1818 2558 1986 2618 prop.
2014 2538 2202 2618 LIX).

93 2633 237 2693 Item
276 2634 499 2711 roqatio
529 2631 743 2711 synodi
783 2631 869 2688 ad
889 2620 1235 2708 potestatem
1270 2633 1538 2702 civilem,
1575 2642 1646 2689 ut
1669 2653 1697 2689 e
1723 2653 1973 2690 numero
2012 2636 2204 2713 impe-

93 2727 498 2784 dimentorum
530 2727 692 2783 tollat
731 2728 1139 2803 cognationem
1182 2726 1594 2803 spiritualem,
1636 2736 1812 2804 atque
1853 2728 2013 2785 illud
2048 2729 2212 2806 quod

95 2822 284 2878 dicitu
291 2822 588 2899 rpublicoe
602 2820 918 2878 honestatis
930 2820 1446 2898 z'mpedimentum,
1460 2841 1720 2898 quorum
1734 2825 1895 2900 oriqo
1906 2825 2211 2901 reperitur

97 2918 167 2971 in
191 2916 513 2973 collectione
524 2915 908 2980 Juscim·ani;
926 2924 1057 2971 tum
1080 2924 1148 2971 ut
1162 2916 1489 2994 restringat
1501 2916 1989 2994 impedimentum
2011 2918 2211 2995 affini-

100 3011 238 3066 tatis
259 3019 312 3066 et
330 3011 698 3089 cognationis
713 3055 730 3077 ‚
752 3029 823 3066 ea·
841 3029 1219 3087 quacumque
1238 3010 1409 3068 licita
1430 3020 1538 3069 aut
1557 3011 1772 3069 illicita
1795 3015 2208 3088 conjunctione

91 3105 525 3182 provenientis,
552 3103 638 3162 ad
654 3113 945 3181 quartum
957 3103 1424 3182 yradumjuoeta
1449 3107 1681 3163 civilem
1708 3105 2084 3164 numerandi
2107 3126 2207 3164 ra-

105 3201 320 3255 tionem
330 3218 442 3276 per
457 3199 680 3255 lineam
705 3198 1009 3256 lateralem
1033 3208 1087 3255 et
1112 3199 1453 3277 obliquam,
1484 3203 1571 3258 ita
1594 3210 1793 3258 tamen
1815 3210 2017 3276 utspes
2032 3201 2206 3258 nulla

105 3291 489 3369 relinquatur
501 3292 964 3370 dispensationis
979 3293 1341 3361 obtinendoe;
1355 3329 1435 3338 -
1447 3305 1740 3373 quatenus
1753 3295 1925 3352 civili
1928 3298 2210 3373 potestati

177 3451 240 3515 (1)
277 3449 376 3499 Cfr.
414 3449 575 3519 Aloys.
623 3451 851 3518 Cuccagni
882 3455 932 3500 in
975 3462 1108 3502 tract.
1194 3454 1453 3505 clesiastico
1466 3455 1520 3503 di
1531 3456 1700 3513 Roma,
1730 3453 2212 3522 Supplementoquin-

109 3531 200 3583 Del
227 3532 549 3581 Matrimonio
577 3533 936 3600 cristian0,qui
965 3537 1109 3583 inser·
1193 3551 1237 3590 to
1266 3555 1357 3603 per
1382 3540 1402 3584 i
1439 3538 1558 3584 mesi
1586 3536 1641 3584 di
1679 3532 1934 3587 Settembre
1972 3537 2031 3587 ed
2074 3537 2214 3586 Otto-

111 3626 182 3664 tus
210 3624 276 3664 est
302 3616 350 3662 in
366 3633 498 3681 opere
517 3617 744 3681 periodico
764 3615 995 3665 Giornale
1020 3616 1119 3665 Eo·
1201 3619 1281 3667 bre
1322 3611 1490 3685 ¹79¹·'
1839 3635 1842 3638 ’
