2612 4146
393 176 472 236 34
1014 190 1333 229 ‘ruscum-us
1379 190 1447 226 nn
1480 190 1891 229 innurem-trus,

390 334 752 400 commisceri
782 354 985 393 eorum
1031 330 1378 409 sanguinem
1425 331 1702 410 Sanguini
1742 332 1999 406 Christi,
2046 343 2109 391 et
2160 353 2231 390 ex
2275 342 2520 413 utroque

392 434 734 494 thesaurum
752 427 1016 488 Ecclesiae
1034 425 1273 499 confici,
1298 423 1373 484 ad
1399 425 1803 488 remissionem
1830 439 1892 489 et
1914 427 2364 487 satisfactionem
2389 448 2523 509 pec-

392 541 655 591 catorum
681 524 789 604 (l).
833 523 997 600 Ergo,
2052 588 2055 589 7

477 625 575 684 67.
626 625 797 702 Resp.
836 617 922 678 Ad
954 617 1073 690 1¹113
1113 618 1271 676 Dist.
1311 618 1610 690 Quatenus
1641 616 1821 699 ipsius
1849 639 2024 701 opera
2051 618 2350 677 meritoria
2394 617 2523 677 fue-

392 731 534 781 runt
563 764 579 793 ,
620 728 811 775 trans.
844 711 975 794 (2)3
1020 723 1308 794 quatenus
1337 712 1579 771 fuerunt
1613 711 2028 788 satisfactoria,
2072 737 2203 794 neq.
2246 713 2524 795 Alioquin

390 834 581 897 neque
616 833 723 894 per
758 811 1170 884 Sacramenta,
1214 808 1569 868 Sacrificium
1618 819 1678 867 et
1707 808 1803 890 pia
1837 829 2015 890 opera
2067 809 2346 891 applicari
2386 831 2525 891 pos-

389 922 520 970 sent
551 906 767 968 Christi
794 905 1024 964 merita.

471 1004 569 1066 68.
619 1002 709 1064 Ad
735 1004 820 1060 2¹1¹
841 1047 857 1076 ,
898 1000 1118 1059 Eadem
1146 1010 1269 1059 esto
1296 999 1614 1059 distinctio,

471 1102 568 1161 69.
614 1097 701 1158 Ad
735 1097 853 1171 ΒΦ.
883 1097 1039 1155 Dist.
1060 1095 1306 1177 Speciali
1331 1094 1439 1155 hac
1464 1094 1798 1156 intentione
1819 1140 1836 1171 ,
1869 1106 2085 1169 tran8.3
2121 1094 2379 1176 generali
2406 1096 2525 1155 sal-

392 1211 516 1258 tem
547 1242 563 1272 .,
603 1214 732 1277 quae
768 1214 841 1253 ex
875 1190 1157 1250 charitate
1188 1191 1526 1273 proveniret
1548 1237 1564 1266 ‚
1598 1213 1729 1272 my.
1766 1190 1881 1269 Qui
1916 1191 2075 1250 enim
2106 1191 2387 1275 charitate
2417 1190 2527 1251 fla—

392 1304 587 1376 grant,
604 1290 685 1351 ita
704 1287 969 1373 dispositi
989 1297 1151 1362 sunt,
1173 1298 1240 1345 ut
1261 1308 1329 1347 ea
1345 1298 1648 1369 praestent,
1669 1286 1879 1369 quibus
1902 1287 2081 1347 ceteri
2089 1287 2285 1364 juvari
2300 1287 2529 1369 possint

383 1395 552 1470 juxta
595 1396 862 1454 mentem
897 1393 957 1442 et
985 1382 1379 1443 intentionem
1433 1381 1695 1442 Ecclesiae
1729 1427 1746 1458 a
1792 1386 1953 1461 cujus
2006 1380 2274 1441 membra
2319 1394 2378 1442 et
2425 1382 2529 1441 filii

392 1495 531 1545 sunt
562 1483 651 1564 (3)
673 1528 689 1557 7
724 1493 784 1541 et
818 1479 1028 1561 dogma
1058 1477 1132 1543 de
1155 1479 1569 1540 communione
1592 1479 1939 1537 Sanctorum
1962 1523 1980 1553 ,
2010 1477 2171 1560 quod
2206 1478 2311 1560 ipsi
2345 1479 2527 1560 profi—

395 1579 694 1640 tebantur.

474 1676 578 1737 70.
629 1674 717 1735 Ad
756 1674 837 1732 4¹²¹
863 1718 879 1748 7
915 1671 1069 1752 Ney.
1114 1672 1343 1731 Etenim
1374 1672 1794 1731 satisfactiones
1838 1673 2186 1731 Sanctorum
2220 1671 2283 1728 in
2323 1670 2529 1753 primis

394 1777 707 1853 injuriosae
743 1769 962 1830 Christi
995 1766 1218 1827 meritis
1244 1790 1368 1827 non
1390 1779 1566 1843 sunt7
1605 1789 1791 1850 quum
1818 1790 1942 1828 non
1979 1767 2275 1827 addantur
2306 1767 2531 1826 meritis

397 1870 637 1945 Christi,
661 1879 728 1928 ut
752 1890 957 1929 eorum
981 1876 1245 1945 auqeant
1271 1868 1532 1925 valorem
1554 1911 1572 1941 ,
1599 1865 1702 1926 sed
1727 1866 1922 1948 potius
1946 1876 2013 1924 ut
2034 1864 2295 1926 valorem
2327 1864 2529 1946 acqui—

396 1978 533 2026 rant
565 1987 637 2026 ex
666 1961 1160 2039 meritis—Christi.
1195 1963 1278 2020 Ex
1313 1962 1595 2042 dignitate
1629 1984 1835 2044 porr0‚
1879 1983 2057 2043 quam
2112 1960 2531 2019 satisfactiones

398 2063 744 2120 Sanctorum
776 2060 1090 2141 acquirunt
1112 2076 1181 2118 ex
1198 2057 1414 2117 Christi
1446 2058 1673 2119 meritis
1693 2103 1708 2133 ,
1735 2058 1802 2115 fit
1832 2067 1899 2115 ut
1924 2055 2386 2117 satisfactionum
2415 2077 2531 2114 nu-

398 2178 594 2215 merus
630 2167 690 2215 et
725 2155 1019 2236 quantitas
1054 2166 1333 2236 augeatur
1355 2199 1372 2228 ·‚
1410 2166 1468 2213 et
1503 2174 1610 2235 per
1640 2151 1886 2211 modum
1911 2154 2154 2211 cumuli
2184 2150 2532 2228 adjiciantur

401 2249 888 2312 satisfactionibus
948 2250 1163 2311 Christi
1216 2251 1341 2309 istis
1396 2248 1558 2307 nulla
1614 2249 1841 2307 ratione
1903 2245 2258 2327 derogando.
2309 2244 2531 2305 Eodem

401 2348 617 2407 scilicet
638 2343 814 2405 modo
830 2391 847 2422 ,
877 2368 993 2429 quo
1009 2368 1130 2405 non
1147 2355 1565 2429 supponuntur
1587 2343 2000 2403 insufficientes
2024 2341 2530 2424 interpellationes

401 2444 613 2504 Christi
636 2465 745 2525 pro
779 2441 948 2501 nobis
970 2488 987 2518 ,
1024 2443 1073 2502 si
1102 2441 1261 2526 apud
1286 2444 1474 2500 Deum
1497 2442 1843 2499 Sanctorum
1866 2484 1883 2513 ,
1924 2437 2132 2498 saltem
2166 2439 2528 2513 viventium,

399 2562 599 2622 preces
629 2550 688 2598 et
714 2538 1003 2598 orationes
1020 2540 1495 2621 interponantur.
1526 2535 1640 2596 Sed
1661 2556 1853 2617 neque
1878 2545 2156 2617 praeterea
2185 2537 2533 2599 Sanctorum

401 2634 819 2693 satisfactiones
846 2634 1069 2693 censeri
1091 2644 1339 2716 possunt
1357 2631 1685 2714 superfluae
1699 2674 1720 2703 ,
1748 2631 1908 2713 quia,
1939 2630 2049 2690 etsi
2077 2630 2292 2691 Christi
2321 2630 2533 2690 merita

404 2726 888 2810 superabundent
913 2773 932 2803 ‚
970 2741 1176 2811 utpote
1209 2729 1424 2788 infiniti
1456 2726 1702 2801 valoriS‚
1741 2725 1910 2786 nobis
1941 2737 2143 2784 tamen
2183 2747 2304 2784 non
2336 2722 2531 2806 appli-

404 2834 611 2883 cantur
633 2822 748 2882 nisi
773 2823 947 2882 modo
973 2823 1177 2898 finit03
1205 2825 1297 2883 cui
1320 2834 1632 2906 propterea
1668 2844 1789 2880 non
1827 2831 2115 2902 repugnat
2148 2821 2353 2880 merita
2378 2821 2527 2878 San-

471 3044 538 3108 (1)
575 3042 745 3092 Instit.
764 3039 850 3089 lib.
867 3052 922 3088 ἰιι
938 3077 952 3101 ,
975 3055 1083 3104 cap.
1102 3037 1155 3101 5,
1179 3036 1276 3105 §3.

472 3125 541 3191 (2)
578 3124 691 3175 Ideo
723 3123 1070 3172 transmisimus
1108 3123 1312 3187 primum
1332 3138 1418 3169 an-

1501 3036 1556 3084 di
1598 3036 1798 3096 Tremo,
1827 3036 1909 3085 lib.
1944 3053 2012 3096 11,
2040 3053 2145 3101 cap,
2181 3036 2231 3086 5.

1571 3116 1642 3183 (3)
1657 3116 1759 3182 Quo
1773 3135 1910 3166 sensu
1925 3116 2186 3167 S.Thomas
2210 3117 2363 3179 docet,
2390 3136 2528 3185 opera

404 3208 654 3258 teeedentis
693 3204 990 3261 membrum,
1034 3206 1144 3270 quia
1198 3203 1420 3269 Theologi

404 3292 575 3355 passim
594 3298 784 3354 negant,
802 3290 1031 3352 integrum
1046 3303 1176 3352 posse
1202 3288 1421 3337 constitui

404 3373 647 3436 praemium
686 3373 954 3420 meritorum
979 3369 1188 3430 Christi,
1222 3385 1325 3435 quae
1346 3372 1420 3417 in-

404 3453 526 3501 finiti
556 3454 721 3502 valoris
747 3455 964 3513 fuerunt,
997 3451 1092 3500 sola
1111 3452 1311 3515 corporis
1325 3451 1423 3515 glo-

404 3538 469 3584 ria
487 3546 531 3585 et
546 3537 748 3583 nominis
765 3537 1058 3584 exaltatione.
1077 3531 1178 3582 cfr.
1197 3530 1419 3581 Bellarm.

404 3615 475 3666 De
508 3617 713 3681 Indulq.
738 3616 820 3667 lib.
848 3635 863 3664 ι
886 3655 899 3678 ,
933 3635 1036 3682 cap.
1066 3614 1100 3680 4
1119 3652 1135 3678 ,
1164 3633 1212 3664 n.
1239 3632 1289 3675 2,
1319 3625 1419 3663 tum

404 3698 542 3749 card.
577 3697 845 3748 pallavicini
865 3720 881 3762 ,·
914 3698 1076 3747 Storia
1099 3697 1177 3747 del
1201 3697 1422 3747 Concilio

1504 3203 1776 3250 naturaliter
1818 3201 2012 3251 honesta
2037 3204 2087 3250 in
2116 3201 2270 3251 Deum
2299 3213 2529 3269 tanquam

1508 3287 1647 3334 totius
1669 3285 1923 3334 honestatis
1956 3303 2010 3335 ac
2038 3285 2259 3335 bonitatis
2292 3297 2529 3336 auctorem

1509 3380 1672 3417 natura
1701 3386 1783 3416 sua
1813 3369 2066 3417 virtualiter
2086 3369 2245 3418 referri
2274 3407 2287 3430 ‚
2320 3371 2530 3436 quamvis

1508 3453 1590 3518 qui
1621 3469 1674 3500 ea
1704 3462 1955 3516 operantur
1988 3469 2085 3500 non
2125 3452 2330 3502 habeant
2382 3450 2530 3515 expli-

1508 3536 1648 3584 citam
1683 3536 1990 3583 intentionem
2027 3552 2079 3584 ea
2122 3536 2180 3583 ad
2226 3535 2377 3585 Deum
2406 3533 2531 3582 refe-

1508 3617 1661 3665 rendi.
1680 3615 1779 3665 Csr.
1811 3634 1915 3683 quae
1947 3620 2212 3683 scripsimus
2227 3621 2276 3667 in
2297 3625 2430 3666 tract.
2450 3614 2531 3662 De

1504 3700 1751 3764 qratiam.
1779 3698 1872 3749 138
1898 3711 1941 3750 et
1959 3719 2089 3768 seqq.
