2612 4146
2137 201 2212 260 49

643 400 1656 579 TRACTATUS

170 775 173 777 ’
214 769 376 854 DE
461 759 1352 854 SAGRAMENTO
1434 758 2106 846 EXTREMAE

766 973 1550 1066 UNCTIONIS.

858 1222 1459 1295 PROOEMIUM.

189 1475 243 1532 1.
292 1469 800 1546 Quemadmodum
842 1468 1223 1529 Confirmatio
1269 1469 1560 1549 Baptismi‘
1599 1468 1880 1551 perfectio
1917 1491 1985 1530 ac
2042 1470 2227 1531 veluti

102 1566 528 1628 consummatio
553 1588 586 1625 a
618 1563 886 1625 Patribus
922 1575 1180 1646 spectata
1212 1575 1302 1624 est
1336 1575 1398 1623 et
1422 1576 1791 1647 nuncupata,
1830 1566 1912 1624 sic
1942 1566 2229 1626 Extremae

107 1662 408 1722 Unctionis
455 1662 895 1740 Sacramentum
943 1682 1066 1718 non
1117 1658 1293 1718 modo
1339 1659 1742 1728 Poenitentiae.
1778 1659 1901 1719 'sed
1943 1672 2002 1720 et
2046 1662 2227 1721 totius

108 1757 433 1817 christianae
457 1757 588 1817 vitae
607 1802 623 1830 ,
651 1776 778 1837 quae
800 1765 1083 1837 perpetua
1112 1755 1462 1837 poenitentia
1494 1776 1618 1815 esse
1642 1754 1820 1815 debet
1837 1800 1853 1831 ‚
1878 1766 1943 1815 ut
1969 1755 2230 1838 loquitur

108 1851 552 1928 Tridentinum,
591 1850 664 1909 ab
707 1849 917 1909 iisdem
950 1849 1219 1909 Patribus
1255 1850 1790 1912 consummativum
1831 1852 2232 1913 existimatum

110 1959 216 2006 est.
253 1948 432 2006 Variis
462 1957 658 2006 autem
685 1944 1023 2004 nominibus
1049 1956 1177 2004 tum
1213 1967 1246 2004 a
1286 1948 1499 2005 Graecis
1526 1957 1653 2004 tum
1681 1968 1714 2005 a
1745 1946 1964 2006 Latinis
1990 1970 2099 2029 pro
2127 1970 2233 2007 ra·-

111 2043 269 2101 tione
300 2054 401 2101 aut
426 2042 685 2101 materiae
706 2087 722 2116 .,
760 2051 862 2100 aut
899 2040 1100 2100 formae
1122 2084 1138 2114 ⁷
1172 2051 1273 2098 aut
1311 2038 1556 2118 subjecti
1595 2041 1937 2120 insignitum
1973 2041 2082 2100 fuit
2121 2042 2234 2102 hoc

110 2138 568 2197 Sacramentum.
606 2137 837 2195 Etenim
861 2135 956 2196 vel
985 2136 1198 2195 Oleum
1219 2146 1500 2194 sanctum
1512 2177 1535 2206 ,
1579 2134 1674 2194 vel
1711 2137 1922 2196 Oratio
1945 2138 2091 2212 olei,
2131 2159 2237 2197 seu

50 2241 51 2244 ’
119 2233 328 2292 Oratio
352 2254 491 2291 cum
518 2236 799 2290 unctione
821 2236 1147 2309 conjuncta
1165 2273 1190 2302 ,
1233 2228 1326 2289 vel
1354 2230 1568 2289 Oleum
1598 2231 1992 2308 infirmorum
2019 2233 2238 2313 passim

115 2339 202 2386 est
227 2338 632 2409 nuncupatum
656 2326 781 2410 (l);
814 2325 1001 2385 donec
1033 2325 1260 2385 ratione
1290 2325 1571 2406 temporis
1591 2370 1607 2400 .,
1629 2347 1745 2406 quo
1775 2326 2025 2385 conferri
2051 2327 2200 2388 solet
2217 2374 2234 2400 ,

117 2435 248 2504 post
271 2423 530 2484 seculum
562 2424 699 2497 XII,
736 2435 804 2481 ut
837 2420 1206 2482 Mabillonius
1234 2419 1504 2483 observat
1533 2419 1624 2500 (2)
1643 2465 1659 2495 7
1703 2422 1958 2482 maxime
1982 2421 2240 2484 obtinuit

118 2518 428 2598 appellatio
485 2519 797 2577 Unctiom‘e
843 2518 1171 2576 Eoetremoe.
1230 2515 1471 2574 Definiri
1518 2536 1695 2595 porro
1757 2514 1905 2573 solet
1963 2517 2238 2577 Extrema

118 2612 324 2670 Unctio
375 2614 827 2670 Sacramentum
878 2611 1059 2670 Novoe
1094 2611 1267 2689 Leyis
1314 2631 1354 2667 a
1408 2609 1639 2668 Christo
1683 2611 1944 2669 Domino
1985 2615 2240 2671 institu-

116 2717 247 2763 tum
264 2750 279 2779 ‚
313 2727 427 2785 quo
438 2727 556 2786 per
580 2710 918 2764 unctionem
939 2706 1053 2763 olei
1074 2704 1372 2763 benedicti
1388 2714 1445 2763 et
1462 2709 1785 2764 orationem
1800 2749 1822 2776 ,
1845 2728 1949 2765 seu
1965 2709 2241 2784 formam

107 2805 532 2880 praescriptam
544 2844 567 2872 ,
605 2801 992 2859 Sacerdotum
1021 2803 1355 2858 ministerio
1390 2799 1714 2878 baptizatis
1742 2805 2016 2880 yraviter
2050 2825 2239 2883 (39νο-

119 2898 390 2954 tantz'bus
406 2901 611 2976 qratia
637 2899 964 2974 confertur,
986 2918 1108 2974 qua
1124 2906 1370 2974 peccata
1393 2905 1450 2954 et
1470 2915 1677 2954 eorum
1706 2897 1984 2975 reliquiae
2008 2899 2239 2957 abster-

110 3002 386 3069 guntur,
424 2996 577 3049 vires
606 3001 912 3071 auqentur
948 2991 1035 3050 ad
1073 2991 1361 3050 doemonis
1404 2991 1665 3049 ‘erudias
1702 2993 2025 3064 vitandas,
2065 3004 2241 3072 atque

121 3086 208 3142 ad
246 3088 445 3144 morbi
490 3086 869 3145 incommoda
899 3088 1208 3164 patienter
1226 3085 1531 3163 ferenda,
1577 3096 1659 3154 et,
1693 3090 1752 3144 εί
1790 3091 2014 3145 am‘moe
2051 3089 2246 3146 saluti

123 3181 518 3259 expediverit,
549 3182 817 3240 valetudo
856 3184 1126 3260 corpor-is
1161 3184 1528 3239 restituitur.

195 3384 266 3447 (1)
302 3383 444 3432 Graeei
483 3402 645 3434 vocare
675 3386 825 3434 solent
856 3385 946 3449 hoc
976 3384 1137 3433 Sacra·
1219 3384 1280 3432 ob
1304 3387 1712 3450 rationem‚quam
1733 3395 1885 3447 postea
1911 3375 2169 3437 afferemus.

131 3476 337 3514 mentum
360 3461 486 3524 ἐγω
507 3461 652 3515 ’ἔλαιον
670 3505 684 3529 ,
706 3466 860 3515 oleam
882 3475 1102 3515 sanctum
1122 3503 1137 3526 ,
1290 3465 1361 3531 (2)
1388 3466 1544 3530 Proef.
1562 3467 1617 3513 in
1628 3463 1772 3513 seond.
1794 3464 2073 3517 1Benedict.
2091 3486 2140 3515 n.
2157 3467 2240 3535 98.

129 3557 174 3596 et
190 3549 474 3612 frequentius
491 3547 720 3609 εὔχε’λοιιον
739 3548 1016 3596 oleumcum
1030 3564 1140 3596 ora·
1223 3545 1464 3595 Interdum
1508 3550 1645 3595 etiam
1679 3556 1894 3595 vocatum
1933 3549 2023 3597 fuit
2061 3548 2245 3598 Sacra-

133 3631 258 3676 tione
293 3630 603 3693 conjunctum
623 3646 638 3692 3
682 3629 935 3679 Orientales
973 3631 1142 3695 passim
1225 3639 1440 3678 mentum
1457 3627 1751 3677 exeuntium.

132 3710 364 3775 appellant
392 3708 560 3757 kendil
576 3747 590 3771 ,
621 3710 671 3759 id
706 3717 805 3772 est,
836 3709 1141 3777 lampadam,

214 3792 278 3849 Τ.
329 3792 446 3853 vn.
1970 3791 2009 3850 4
