2612 4146
756 248 825 288 nn
868 246 1373 288 mnummrmaun
1416 244 1679 284 nrrncaeu,
2191 223 2266 282 21

249 395 348 454 43.
397 394 593 454 Talem
630 405 910 476 praeterea
939 406 1289 476 perpetuum
1316 393 1490 452 fuisse
1524 393 1764 451 Patrum
1798 401 1858 450 et
1892 390 2155 450 Ecclesiae
2178 409 2270 449 ca·

164 489 386 549 tholicae
406 511 640 549 sensum
661 491 722 547 in
745 489 1128 548 concedendis
1147 486 1547 567 Indulgentii5‚
1563 485 1888 545 luculenter
1904 495 2091 566 patet,
2112 487 2173 542 1ο
2197 505 2267 543 ex

167 584 414 642 formula
440 605 552 664 qua
577 584 717 642 feria
744 585 790 642 V
815 589 882 642 in
920 585 1096 643 Caena·
1117 585 1374 642 Domini
1393 581 1465 638 ab
1485 581 1761 662 Episcopo
1787 578 2053 638 fidelibus
2082 580 2270 659 poeni·

167 678 348 737 tentia
382 676 751 736 relaxabatur
775 724 791 752 7
834 698 1074 759 quaeque
1119 675 1307 761 adhuc
1343 674 1553 753 legitur
1589 675 1652 732 in
1692 673 1910 733 Ordine
1945 675 2219 732 Romano
2249 696 2263 731 ε

164 774 329 830 Deus
358 773 622 830 humani
639 778 875 852 yenerz‘s
897 773 1166 830 conditor
1191 779 1247 827 et
1268 771 1695 846 reformator...
1732 790 1976 849 agnosce
2004 790 2130 827 oves
2150 779 2270 827 tuae

163 867 585 945 redemptionis
605 910 625 937 ,
689 870 1036 925 constrictas
1088 864 1348 923 vinculis
1379 872 1764 941 peccatorum
1815 864 2096 924 Ecclesz'oe
2151 875 2270 922 tuoe

152 962 440 1039 precihus
454 972 731 1019 emoratus
751 961 978 1034 absolve
1001 956 1196 1039 (l).1d
1210 966 1375 1038 patet
1392 956 1462 1013 20
1476 977 1548 1015 ex
1573 957 1952 1043 persuasione
1973 958 2267 1019 catholicae

167 1054 448 1129 Ecclesiae,
467 1055 684 1114 meritis
708 1053 922 1113 Christi
944 1063 1004 1112 et
1025 1050 1506 1110 satisfactionibus
1530 1052 1874 1110 Sanctorum
1893 1053 2030 1111 MM.
2049 1055 2270 1113 remitti

163 1161 397 1228 peccata
421 1194 437 1223 ,
465 1170 570 1209 seu
595 1169 800 1229 poenas
831 1148 1081 1228 peccatis
1121 1145 1377 1220 debitam,
1423 1145 1499 1205 ob
1530 1167 1705 1227 quam
1736 1146 2125 1206 Tertullianus
2146 1152 2270 1225 Jam

164 1244 515 1302 Montanista
551 1241 857 1301 Ecclesiam
893 1242 1100 1301 acriter
1129 1242 1315 1321 arguit
1353 1240 1456 1300 lib.
1502 1244 1592 1301 De
1610 1243 1952 1321 pudicitia,
1990 1263 2116 1324 cap.
2153 1242 2265 1303 ult.

165 1337 319 1418 quod
349 1335 589 1395 moechis
619 1358 832 1417 nempe
871 1335 1153 1396 tribueret
1185 1337 1455 1410 veniam3
1487 1337 1568 1395 sic
1599 1338 1759 1396 enim
1793 1336 1993 1396 scribit
2035 1360 2047 1395 :
2092 1338 2176 1396 At
2200 1348 2267 1396 tu

140 1437 285 1509 Jam
307 1442 361 1489 et
380 1435 451 1489 in
473 1436 768 1511 Martyres
797 1443 927 1491 tuos
950 1433 1206 1511 effundis
1231 1433 1388 1490 hanc
1402 1443 1766 1512 potestatem.
1802 1422 1952 1511 Quis
1966 1436 2272 1511 permitat

67 1558 69 1560 ·
159 1527 394 1585 homini
416 1528 674 1599 donare,
711 1548 846 1607 quoe
890 1530 1014 1588 Deo
1051 1525 1415 1586 reservanda
1461 1526 1648 1587 sunt?
1685 1528 1956 1606 Sufficiat
1992 1529 2270 1607 Martyri

153 1625 411 1700 propria
452 1622 665 1681 delicta
697 1643 1062 1702 purqasse...
1097 1623 1248 1702 Quis
1289 1624 1555 1682 alienam
1594 1616 1842 1681 mortem
1887 1625 2090 1693 solvit,
2143 1629 2272 1684 nisi
2320 1615 2323 1620 ⁵

159 1718 314 1775 solus
338 1719 538 1777 Filius
559 1721 677 1778 Dei
691 1717 719 1776 9
740 1720 922 1796 Hujus
950 1706 1171 1800 pariter
1196 1719 1372 1777 totius
1393 1717 1595 1800 populi
1611 1717 2100 1798 Carthaginiensis
2127 1741 2268 1801 per-

159 1812 433 1871 suasionis
453 1859 468 1888 .,
501 1812 574 1872 de
594 1808 832 1872 obtenta
855 1812 1069 1872 scilicet
1090 1835 1196 1895 per
1220 1812 1446 1872 libellos
1468 1815 1789 1894 Martyrum
1811 1834 1953 1894 pace
1976 1818 2045 1872 in
2067 1817 2227 1873 coelis
2247 1859 2270 1887 ,

159 1907 320 1979 testis
361 1919 448 1966 est
484 1908 968 1989 locupletissimus
1019 1908 1203 1967 clerus
1249 1911 1543 1967 Romanus
1591 1909 1651 1966 in
1703 1908 1943 1989 epistola
1987 1910 2145 1967 XXX
2189 1909 2271 1968 ad

162 2002 215 2058 S.
246 2002 598 2082 Cyprianum
628 2004 741 2084 (2).
785 2002 937 2061 Illud
956 2003 1022 2062 30
1044 2003 1282 2062 demum
1315 2013 1542 2062 constat
1567 2024 1635 2061 ex
1659 2003 1872 2084 apertis
1909 2004 1963 2062 S.
1993 2004 2265 2084 Cypriani

162 2097 523 2173 testimoniiS,
538 2099 599 2155 in
616 2097 824 2178 quibus
841 2099 898 2156 S.
921 2100 1139 2178 Martyr
1161 2098 1433 2171 affirmat,
1457 2097 1876 2156 relaxationem
1899 2099 2298 2178 poenitentiae:

159 2190 402 2271 publicae
421 2238 436 2268 ‚
476 2214 601 2274 quae
617 2192 689 2251 ad
707 2214 905 2274 preces
928 2194 1249 2272 Martyrum
1269 2191 1697 2252 concedebatur
1724 2236 1742 2267 ‚
1778 2192 1937 2272 apud
1954 2194 2140 2252 Deum
2157 2214 2263 2252 va-

159 2285 308 2361 lere3
335 2288 414 2346 sic
447 2288 605 2347 enim
630 2287 886 2369 loquitur
907 2333 922 2362 .,
956 2287 1124 2368 epist.
1155 2288 1258 2346 XII
1292 2310 1306 2345 :
1340 2288 1758 2346 occurendum
1778 2297 1931 2366 puto
1956 2288 2266 2364 fh'atribus

159 2386 400 2456 nostri-5²,
431 2394 501 2441 ut
519 2388 633 2461 qui
659 2385 878 2442 libellos
900 2405 940 2441 a
970 2384 1352 2462 Martyribus
1379 2393 1760 2461 acceperunt,
1789 2386 2265 2462 etpraeroqativa

161 2496 360 2534 eorum
374 2479 545 2556 apud
553 2480 751 2537 Deum
754 2482 983 2555 juvari
984 2488 1327 2557 possunt...;
1351 2489 1410 2536 et
1428 2476 1566 2536 alibi
1579 2477 1794 2558 passim
1818 2476 1926 2555 (3).
1955 2478 2023 2534 Et
2038 2475 2161 2535 haec
2185 2476 2261 2536 de

164 2663 299 2711 modo
327 2663 452 2711 hunc
481 2663 633 2712 locum
658 2665 720 2711 ita
746 2663 902 2729 legunt
921 2673 1058 2729 atque
1086 2682 1163 2712 ex·
1243 2681 1343 2713 cem
1362 2673 1630 2713 consecutos
1660 2682 1758 2713 non
1786 2675 1879 2713 tam
1900 2666 1958 2714 ab
1990 2666 2259 2715 hominibus

160 2756 340 2810 ponunt
370 2756 540 2794 veteres
571 2763 729 2794 omncs
768 2746 895 2793 latini
938 2730 1162 2794 Patres—et
1243 2763 1383 2811 quam
1400 2762 1424 2792 a
1442 2745 1538 2794 Deo
1557 2749 1670 2811 ipso,
1689 2763 1798 2794 nam
1803 2763 1973 2812 pacem
2000 2747 2099 2795 sibi
2119 2785 2132 2808 ,
2153 2748 2262 2812 legi-

162 2831 430 2892 expositores
455 2865 469 2886 ‚
501 2828 710 2875 adductis
743 2831 792 2875 in
817 2828 958 2894 hujus
978 2830 1158 2893 exposi-
1243 2837 1317 2874 tur
1336 2864 1350 2886 ‚
1373 2842 1474 2873 non
1499 2834 1596 2874 tam
1618 2835 1833 2892 peterent
1858 2845 2003 2892 quam
2033 2827 2262 2876 vindica-

162 2910 297 2956 tionis
330 2910 731 2958 confirmationem
768 2909 939 2958 Christi
974 2910 1121 2959 verbis
1143 2926 1158 2957 ε
1243 2915 1365 2968 rent,
1383 2910 1481 2956 imo
1482 2910 1597 2974 jam
1611 2910 1726 2956 etin
1741 2909 1870 2958 coelis
1881 2910 2050 2957 habere
2063 2921 2117 2956 xe
2134 2909 2260 2957 dice-

165 2987 486 3055 Quaecumque
527 2990 760 3039 solveritis
788 3027 805 3052 ‚
859 3003 947 3040 etc.
999 3010 1160 3040 verum
1243 2999 1368 3040 rem.
1385 2989 1484 3039 Cfr.
1504 2989 1661 3055 Lupus
1678 3027 1690 3051 ,
1717 2991 1829 3041 diss.
1855 2994 1933 3039 cit.
1962 3008 2064 3055 cap.
2087 3007 2105 3038 1
2130 3027 2144 3050 ,
2176 3006 2262 3038 nee

163 3073 300 3119 etiam
322 3072 470 3121 Patres
489 3083 534 3121 et
561 3076 832 3137 expositores
864 3076 993 3139 graeci
1009 3073 1046 3120 T
1050 3075 1160 3121 heo·
1198 3118 1201 3120 ,
1242 3089 1338 3120 non
1370 3071 1479 3120 Eus.
1509 3070 1671 3120 Amort
1690 3107 1704 3131 ,
1726 3090 1804 3137 op.
1835 3074 1914 3121 cit.
1947 3083 2047 3120 tum
2068 3081 2178 3136 part
2208 3087 2259 3130 ι,

165 3151 345 3201 domtus
362 3190 383 3212 2
395 3153 443 3202 S.
465 3153 581 3203 Joan
599 3153 947 3219 Chrysostomus
964 3193 977 3214 ‚
1008 3155 1160 3202 Theo·
1242 3153 1419 3201 dissert.
1454 3152 1690 3218 praelim.§
1718 3144 1768 3217 3‚'
1804 3164 1900 3202 tum
1922 3154 2039 3201 ibid..
2067 3162 2189 3203 sect..
2207 3171 2222 3199 1
2244 3190 2258 3214 ,

166 3232 403 3299 phylactus
435 3245 481 3284 et
500 3234 823 3285 Oecumenius.
853 3236 953 3285 cfr.
986 3236 1159 3296 Estius‚
1242 3234 1558 3299 Indulqentia
1579 3270 1594 3298 ,
1625 3253 1659 3283 n
1687 3246 1731 3284 et
1764 3252 1895 3302 seqq.
1918 3235 2018 3283 cfr.
2040 3245 2256 3299 praeterea

166 3316 214 3360 in
239 3330 338 3378 cap.
367 3330 396 3361 2
424 3316 568 3382 Epist.
596 3334 629 3364 11
655 3318 711 3365 ad
734 3316 837 3364 Cor.
1244 3317 1366 3366 Petr.
1413 3316 1687 3365 Ballerinius
1709 3353 1723 3377 ,
1764 3315 1974 3365 Praelect.
2022 3318 2101 3366 cit.
2128 3315 2155 3383 §
2196 3333 2226 3363 α
2255 3353 2268 3376 ,

237 3397 251 3456 (
264 3397 298 3457 l)
317 3395 434 3444 Alias
447 3400 912 3463 ejusmodiorationes
931 3400 1024 3448 cfr.
1047 3399 1163 3448 ibid.
1245 3417 1294 3447 n.
1334 3416 1391 3447 lo
1423 3410 1468 3448 et
1499 3417 1632 3465 seqq.
1656 3417 1682 3447 a
1708 3401 1877 3464 quibus
1895 3398 2262 3448 luculentissima

166 3478 258 3526 loc.
284 3480 363 3525 cit.
383 3495 485 3543 pag.
507 3477 607 3543 684
626 3491 668 3528 et
695 3499 791 3547 seq.
1244 3482 1505 3529 testimonia
1530 3489 1859 3545 congeruntur,
1902 3496 2006 3546 quae
2031 3480 2151 3528 hanc
2179 3496 2259 3529 ves-2

236 3561 303 3623 (2)
341 3560 474 3624 Lapsi
507 3564 660 3623 enim,
686 3565 767 3628 qui
794 3564 1160 3627 intempestivam
1247 3563 1432 3611 ritatem
1466 3561 1720 3610 adstruunt.

166 3640 500 3706 Indulgentiam
530 3642 828 3706 exposcebant
851 3662 905 3691 ex
924 3646 1161 3691 communi
1313 3643 1379 3707 (3)
1418 3644 1551 3708 Apud
1567 3644 1665 3691 citt.
1694 3652 1925 3691 auctores.

168 3733 434 3788 receptaque
449 3724 755 3787 persuasione,
773 3723 1005 3790 jactabant
1022 3742 1067 3773 se
1090 3742 1171 3789 pa·
