2612 4146
346 168 426 228 28
1004 192 1333 233 Tascu‘rus
1377 194 1446 229 nu
1489 193 1901 234 immersurus,

348 337 559 419 quibus
594 339 923 420 significant
943 384 958 413 ,
996 360 1057 398 se
1090 360 1228 399 vere
1255 349 1315 398 et
1352 339 1606 421 quidem.
1627 364 1823 403 coram
1848 345 1970 403 Deo
2003 341 2261 425 aliqua-m
2298 347 2474 406 satis-

346 434 610 494 factionis
646 447 907 517 partem‚
957 432 1310 515 quandoque
1361 436 1540 495 etiam
1577 445 1764 498 totam
1809 440 2113 500 remittere
2162 439 2238 500 ad
2271 456 2475 522 preces,

349 532 671 612 Martyrum
694 577 710 606 7
743 533 1056 611 ingruente
1096 532 1423 612 praesertim
1463 535 1865 615 persecutione
1897 537 2041 616 (1).»

1148 723 1559 777 PROPOSITIO
1599 725 1698 777 111.
1769 736 1771 739 “

284 885 292 890 ·
348 867 556 926 Datur
570 870 639 925 in
659 866 933 926 Ecclesia
955 866 999 926 Ι
995 867 1495 948 ndulyentiarum
1514 869 1835 929 thesaurus
1856 880 2131 932 constans
2156 895 2228 932 σω
2249 879 2485 935 meritis

375 959 381 966 ’
1052 963 1285 1022 Christi
1318 975 1372 1023 et
1401 965 1784 1024 Sanctorum.

431 1154 531 1213 56.
566 1156 731 1214 Hanc
751 1156 977 1237 pariter
998 1157 1464 1238 propositionem
1488 1156 1817 1217 doctrinam
1834 1151 2181 1219 catholicam
2207 1159 2487 1222 exhibere

353 1273 419 1311 ac
446 1251 579 1311 fidei
604 1252 937 1334 proximam
961 1274 1085 1312 esse
1105 1264 1335 1312 constat
1363 1275 1434 1312 ex
1453 1253 1953 1337 propositionibus
1979 1255 2442 1316 contradictoriis
2462 1302 2480 1334 .‚
2551 1252 2553 1254 ’

347 1369 481 1431 quae
511 1370 543 1406 a
592 1349 869 1407 Romanis
909 1348 1289 1408 Pontificibus
1332 1350 1574 1409 confixae
1613 1361 1770 1408 sunt.
1818 1351 1970 1409 Sane
2009 1372 2041 1411 a
2082 1351 2182 1410 Pio
2225 1353 2306 1411 VI
2341 1375 2483 1434 pro-

340 1444 554 1526 positio
583 1445 728 1503 XLI⁸
756 1436 964 1525 synodi
999 1445 1365 1505 pistoriensis
1391 1445 1671 1505 damnata
1704 1457 1795 1506 est
1817 1491 1832 1521 ‚
1868 1468 1998 1528 quae
2025 1448 2230 1507 asserit
2256 1470 2270 1507 t
2303 1449 2485 1507 Scho-

343 1542 580 1600 lasticos
604 1544 732 1599 suis
760 1542 1202 1601 subtilitatibus
1230 1542 1469 1619 inflatos
1498 1546 1794 1602 invexisse
1817 1543 2172 1602 thesaurum
2205 1545 2361 1602 male
2389 1549 2497 1603 in-

344 1638 637 1695 tellectum
685 1642 1041 1696 meritorum
1082 1639 1333 1707 ,Christi
1369 1650 1424 1696 et
1467 1631 1833 1717 Sanctorum
1858 1682 1879 1709 ,
1917 1650 1972 1697 et
2011 1645 2193 1697 elaroe
2240 1643 2486 1698 notioni

344 1734 742 1792 absolutionis
783 1755 822 1791 a
856 1756 1044 1813 poena
1076 1739 1374 1794 canoniea
1400 1736 1779 1794 substituisse
1818 1738 2137 1814 confusam
2171 1746 2228 1793 et
2256 1737 2483 1814 falsam

344 1833 776 1910 applicationis
802 1837 1157 1891 meritorum
1183 1857 1203 1900 ‚·
1243 1823 1428 1912 quasi
1459 1833 1738 1891 thesauri
1756 1833 2070 1909 Ecclesia),
2114 1833 2275 1891 unde
2308 1833 2486 1913 Papa

345 1929 453 1986 dat
476 1928 898 2008 Indulgentias
932 1949 1048 1987 non
1087 1933 1213 1987 sint
1249 1932 1469 1987 merita
1510 1929 1741 1988 Christi
1760 1939 1817 1986 et
1846 1929 2218 1987 Sanctorum
2238 1971 2256 2002 .,
2273 1930 2445 2007 falsa
2459 1973 2481 2001 ,

345 2029 708 2099 temeraria,
755 2025 984 2084 Christi
1007 2035 1063 2083 et
1093 2026 1460 2084 Sanctorum
1498 2027 1733 2084 meritis
1754 2029 2113 2104 injuriosa,
2147 2025 2373 2084 dudum
2416 2029 2487 2084 in

346 2131 468 2178 art.
494 2121 553 2179 X
567 2122 658 2180 VI
656 2122 696 2181 I
705 2121 963 2180 Lutheri
982 2123 1278 2181 damnata
1301 2122 1389 2200 (2)
1422 2122 1607 2199 Hujus
1630 2132 1830 2179 autem
1853 2120 2114 2180 thesauri
2128 2141 2199 2178 ex
2213 2121 2487 2179 Romanis

347 2215 724 2274 Pontificibus
772 2216 1039 2275 omnium
1082 2217 1309 2298 primus
1356 2216 1629 2275 meminit
1670 2215 1940 2275 Clemens
1993 2216 2069 2273 VI
2088 2260 2104 2290 .,
2163 2216 2225 2272 in
2282 2216 2481 2275 Const.

357 2311 719 2391 Uniqenitus
732 2356 753 2384 ,
797 2311 887 2370 his
933 2311 1126 2371 verbis
1166 2335 1179 2371 :
1235 2313 1594 2392 Uniqenitus
1642 2314 1765 2372 Dei
1812 2313 2077 2375 Filius...
2131 2311 2483 2372 thesaurum

348 2410 651 2467 militanti
667 2410 953 2468 Ecelesioe
983 2413 1385 2488 acquisivit...
1413 2409 1499 2467 ad
1510 2412 1687 2487 eujus
1712 2409 1956 2488 quidem
1981 2408 2253 2466 thesauri
2274 2429 2486 2467 cumu-

349 2505 482 2563 lum
502 2506 576 2563 B.
596 2506 717 2564 Dei
735 2505 1066 2574 Genetricis
1082 2515 1136 2563 et
1149 2510 1424 2564 omnium
1447 2506 1762 2564 electorum-
1781 2549 1797 2580 ‚
1824 2527 1861 2562 a
1881 2508 2274 2584 primojusto
2302 2526 2489 2584 usque

349 2602 437 2659 ad
463 2603 750 2660 ultimum
767 2646 784 2678 ‚
813 2604 1033 2660 merita
1065 2602 1521 2661 adminiculum
1535 2611 1829 2681 praestare
1854 2612 2193 2659 noscuntur
2208 2601 2318 2681 (3).
2339 2601 2488 2660 Huic

350 2696 755 2754 constitutioni
795 2696 1082 2755 calculum
1119 2719 1292 2756 suum
1340 2696 1681 2776 adjecerunt
1711 2694 2132 2776 subsequentes
2181 2696 2486 2754 Pontifices

350 2791 465 2850 Leo
492 2793 540 2850 X
561 2837 577 2867 a
607 2793 664 2850 S.
699 2792 829 2850 Pius
859 2793 901 2851 V
928 2803 988 2851 et
1010 2794 1319 2872 Gregorius
1348 2794 1483 2851 XIII
1501 2838 1517 2866 .‚
1547 2813 1619 2852 ex
1644 2790 1855 2872 quibus
1880 2791 2164 2872 postremi
2187 2788 2304 2848 duo
2331 2788 2484 2848 hanc

1499 2929 1515 2951 Ο

419 2986 490 3051 (l)
529 2986 617 3034 Hic
634 2984 786 3033 obiter
805 3002 991 3042 moneo,
1011 3002 1105 3033 non
1124 2984 1283 3033 obesse
1298 2985 1375 3044 iis,
1466 2994 1644 3031 tantum
1688 2984 1914 3032 absolutio
1977 2982 2321 3031 sicrameutalis
2377 3000 2484 3031 cum

354 3086 459 3136 quae
485 3070 688 3139 diximus
706 3103 722 3130 ‚
747 3070 921 3133 praxim
942 3105 954 3127 ‚
979 3085 1079 3133 quae
1107 3067 1219 3116 olim
1251 3068 1376 3115 obti-
1462 3082 1606 3114 onere
1656 3067 1965 3115 satisfaciendi
1988 3104 2001 3126 ‚
2040 3069 2081 3115 si
2126 3066 2483 3115 convaluissent.

355 3154 489 3213 nuit,
518 3162 589 3212 ut,
620 3169 728 3199 cum
747 3151 854 3198 data
870 3159 988 3199 esset
1010 3166 1100 3215 pax
1126 3154 1300 3215 aegrotis
1325 3154 1376 3198 iu
1462 3147 1582 3196 Nam
1619 3147 1911 3214 Indulgentia
1941 3148 2088 3198 semel
2125 3149 2233 3197 data
2262 3150 2489 3197 irrevoca-

355 3237 570 3283 extremis
583 3236 1052 3291 constitutis‚iterum
1087 3233 1376 3300 subjicereu—
1460 3232 1567 3281 bilis
1602 3242 1686 3280 est.

358 3326 433 3364 tur
459 3320 736 3382 poenitentiae
756 3351 771 3378 ,
791 3319 829 3364 si
847 3319 920 3364 isti
949 3325 1102 3381 postea
1121 3316 1374 3364 convalue·
1530 3314 1593 3378 (2)
1634 3314 1721 3362 Hie
1737 3313 1925 3375 Lutheri
1942 3315 2075 3362 artic.
2097 3316 2179 3378 qui
2195 3314 2319 3378 apud
2339 3313 2483 3360 Hard.

358 3402 453 3447 rint
476 3416 491 3462 3
539 3401 769 3465 siquidem
791 3400 1018 3466 ejusmodi
1049 3398 1377 3465 aegrotantibus
1458 3409 1526 3447 est
1551 3417 1603 3446 n.
1634 3415 1709 3446 xlv
1734 3400 1798 3445 ita
1832 3415 1879 3445 se
1902 3396 2041 3444 habet
2067 3413 2079 3443 :
2118 3395 2362 3444 Thesauri
2380 3394 2476 3442 Εσ-

358 3499 456 3530 non
484 3481 571 3529 fuit
604 3486 788 3546 praecise
818 3484 940 3531 data*
965 3483 1255 3548 Indulgentia
1283 3519 1295 3541 ‚
1319 3499 1373 3529 eo
1455 3480 1609 3528 clesioe
1626 3519 1639 3538 ‚
1667 3480 1796 3527 unde
1821 3479 1961 3543 Papa
1994 3477 2076 3526 dat
2106 3477 2449 3542 Indulyentias
2469 3511 2481 3534 ‚

359 3582 497 3612 sensu
532 3581 626 3630 quo
653 3583 754 3612 eam
783 3584 943 3614 vocem
974 3567 1053 3614 hic
1078 3566 1331 3630 accipimus
1353 3599 1369 3624 ,
1459 3579 1556 3611 non
1574 3570 1688 3609 sunt
1703 3562 1874 3609 merita
1895 3559 2086 3608 Christi
2104 3570 2147 3607 et
2173 3562 2484 3608 Sanctorum.

361 3666 440 3695 seu
467 3649 672 3695 remissio
703 3647 837 3712 plena
858 3649 1084 3698 ulterioris
1100 3648 1372 3696 satisfactio-
1530 3645 1597 3709 (3)
1638 3644 1773 3710 Apud
1837 3643 2139 3709 Raynaldum
2190 3642 2249 3690 ad
2308 3656 2484 3688 aunum

364 3732 467 3791 nis,
505 3745 645 3796 quam
669 3730 927 3795 persolvere
947 3731 1246 3791 debuissent,
1295 3730 1375 3779 sed
1468 3726 1614 3795 1349,
1648 3747 1697 3777 n.
1732 3744 1807 3776 ιι.
