2508 4120
506 188 629 225 CAP.
676 188 756 226 ιν.
808 189 875 227 DE
918 188 1038 229 SAG.
1087 188 1356 228 omnm-r.
1403 186 1658 229 MATEmA
1701 189 1819 227 mc.
2115 169 2229 227 143

128 330 294 388 lutho
315 327 615 387 ordinatus
643 329 829 388 fuerat
845 330 954 410 (1).
980 332 1124 390 Cum
1157 342 1462 413 propterea
1495 332 1754 391 Novatus
1775 351 2085 388 romanum
2102 331 2230 413 Epi-

132 434 432 505 scopatum
458 423 706 483 ambiret
731 470 746 499 7
787 426 1036 485 maxime
1057 426 1332 485 sollicitus
1369 438 1491 485 erat
1513 471 1529 501 7
1560 424 1802 484 Eusebio
1829 437 1976 485 teste
2011 425 2100 505 (2)
2122 471 2137 500 7
2164 438 2232 486 ut

128 520 435 600 Episcopus
472 519 691 600 aliquos
721 521 1164 580 circumveniret
1192 565 1208 594 7
1249 543 1283 578 a
1321 520 1529 602 quibus
1557 519 1942 603 episcopalem
1973 520 2231 580 Ordina-

128 614 347 672 tionem
376 614 679 694 acciperet.
711 614 868 673 Adeo
905 615 1001 676 vel
1029 615 1169 696 ipsis
1193 614 1471 698 haereticis
1497 627 1638 674 tunc
1670 616 1948 697 temporis
1966 662 1982 691 7
2015 638 2231 700 nempe

127 730 238 767 sec.
273 709 349 766 lII
370 752 386 781 7
413 729 755 782 persuasum
782 721 904 769 erat
923 755 940 785 7
967 709 1203 768 nonnisi
1226 708 1299 767 ab
1323 710 1603 790 Episcopo
1631 711 1975 792 Episcopum
2006 712 2232 770 institui

128 824 315 884 posse.
355 805 542 876 Quare
558 805 614 864 S.
634 803 988 886 Epiphanius
1005 848 1022 878 7
1054 804 1282 863 HoereS.
1307 804 1472 862 LXX
1483 796 1565 878 V7
1591 805 1671 863 sic
1698 805 1971 867 adversus
1998 808 2232 865 Ae'rium

125 897 411 956 scribebat
450 922 462 956 ε
507 901 665 958 Ordo
708 901 1003 979 siquidem
1050 900 1490 978 Episcoporum
1542 900 1629 956 ad
1663 902 1991 979 yzynendos
2025 913 2234 980 patres

114 999 427 1071 proecipue
448 999 715 1072 pertinet
726 1015 747 1063 ,·
784 996 967 1072 hujus
996 997 1156 1052 enim
1193 1004 1277 1051 est
1307 1004 1565 1072 patrum
1599 998 1669 1050 in
1701 995 1973 1052 Ecclesia
2001 1017 2233 1075 *propa-

120 1091 284 1166 gatio
298 1114 323 1161 ,-
355 1090 508 1146 alter
531 1087 1044 1169 (presbyterorum
1062 1089 1106 1168 )7
1139 1110 1283 1147 cum.
1295 1099 1498 1167 patres
1525 1109 1646 1146 non
1668 1092 1884 1166 possit,
1908 1091 2069 1166 filios
2110 1092 2234 1150 Ec·-

124 1184 314 1241 clesioe
340 1185 573 1242 lotionis
603 1188 1038 1262 regeneratione
1053 1185 1341 1263 producit
1366 1182 1475 1262 (3).
1510 1182 1749 1243 Celebre
1779 1195 1867 1242 est
1891 1184 2064 1263 paulo
2096 1198 2234 1246 ante

126 1277 374 1335 relatum
414 1276 755 1356 Hieronymi
796 1277 1018 1336 dictum
1061 1301 1074 1336 :
1121 1280 1287 1358 Quid
1309 1282 1498 1357 facit,
1542 1290 1776 1359 eoeeepta
1814 1281 2194 1340 ordinatione
2217 1330 2235 1352 ,

125 1373 488 1451 Episcopus,
517 1373 679 1450 quod
713 1372 1033 1452 Presbyter
1066 1395 1187 1432 non
1222 1374 1459 1453 faciat?
1494 1376 1630 1432 Sola
1659 1397 1920 1454 namque
1954 1377 2234 1437 Ordina-

127 1471 311 1535 tione‚
329 1455 527 1524 subdit
544 1467 598 1525 S.
627 1469 664 1525 J
667 1489 796 1525 oan.
826 1467 1269 1548 Chrysostomus
1292 1514 1307 1542 7
1333 1475 1670 1548 superiores
1695 1471 2015 1553 (Episcopi)
2051 1485 2196 1532 sunt
2211 1517 2235 1546 ,

122 1573 297 1640 atque
320 1562 463 1619 hinc
494 1567 734 1620 tantum
770 1564 1054 1622 videntur
1079 1564 1452 1643 Presbyteris
1474 1577 1759 1643 proestare
1789 1567 1897 1646 (4).

209 1655 342 1713 141.
393 1654 655 1715 Ecclesiae
677 1666 957 1738 perpetua
993 1657 1190 1739 praxis
1227 1657 1434 1717 melius
1467 1658 1656 1736 colligi
1689 1683 1810 1719 non
1836 1673 2033 1743 potest
2058 1685 2236 1744 quam

122 1772 192 1809 ex
216 1751 629 1832 antiquissimis
654 1751 958 1810 ritualibus
989 1751 1154 1811 libris
1179 1754 1507 1812 Graecorum
1530 1766 1589 1813 et
1614 1757 1951 1815 Latinorum
1970 1803 1987 1832 7
2022 1757 2085 1815 in
2111 1759 2237 1839 qui·

126 1845 235 1904 bus
267 1858 601 1907 constanter
623 1846 776 1906 solus
814 1848 1127 1929 Episcopus
1152 1847 1460 1907 exhibetur
1486 1871 1658 1909 sacrae
1694 1851 2092 1911 Ordinationis
2126 1854 2237 1912 mi-

122 1942 303 2000 nister
330 1941 435 2022 (5).
469 1941 683 2001 Eadem
706 1964 939 2002 rursum
970 1964 1039 2001 ex
1066 1955 1348 2024 perpetua
1373 1945 1551 2024 ipsius
1576 1945 1783 2024 agendi
1808 1947 2040 2006 ratione
2067 1949 2230 2008 evin-

123 2037 272 2094 citur
299 2082 314 2109 7
368 2058 436 2095 ex
487 2059 599 2117 qua
665 2048 829 2118 patet
860 2082 877 2107 7
938 2037 1035 2097 vel
1087 2037 1389 2098 dirissimae
1447 2040 1866 2120 persecutionis
1926 2052 2194 2123 tempo-re
2213 2087 2230 2118 7

123 2153 426 2211 nunquam
461 2153 493 2190 a
511 2131 852 2212 Presbytero
869 2143 969 2191 aut
987 2133 1294 2215 Episcopos
1317 2144 1419 2192 aut
1436 2134 1806 2215 presbyteros
1832 2148 1933 2195 aut
1951 2138 2233 2198 Diaconos

120 2226 378 2284 initiatos
403 2226 591 2286 fuisse.
843 2288 851 2299 ,

206 2320 342 2378 142.
392 2323 610 2381 Omnes
652 2320 891 2381 demum
929 2323 1183 2383 Orientis
1232 2322 1543 2398 Ecclesias7
1587 2324 1720 2384 licet
1757 2347 1787 2385 e
1825 2328 2028 2407 quavis
2075 2349 2237 2388 com-

123 2416 437 2490 munione7
470 2417 776 2476 unanimes
813 2419 875 2475 in
915 2418 1072 2478 hunc
1106 2419 1416 2478 articulum
1458 2422 1784 2480 consentire
1806 2467 1822 2495 7
1865 2423 1990 2481 luce
2029 2423 2235 2482 clarius

123 2510 400 2568 evincunt
418 2510 658 2568 indubia
682 2516 1066 2571 monumenta
1091 2535 1123 2572 a
1153 2513 1510 2572 Renaudotio
1535 2514 1772 2573 collecta
1801 2517 1914 2594 (6).
1953 2518 2059 2575 Hic
2083 2538 2233 2599 prae-

124 2615 279 2663 terea
307 2626 438 2663 cum
460 2595 757 2664 ⁵narrasset
774 2651 789 2678 7
819 2605 1092 2688 Ethiopas
1110 2653 1126 2681 7
1156 2607 1256 2666 diu
1280 2619 1541 2668 carentes
1557 2610 2006 2691 metropolitano
2027 2658 2043 2686 7
2066 2615 2237 2673 Pres-

192 2897 257 2957 (1)
294 2895 393 2942 Cfr.
422 2894 473 2945 S.
503 2894 738 2944 Athanasii
769 2896 1008 2962 Apoloqia
1024 2914 1135 2947 con-
1222 2904 1369 2965 γεννξὶν
1389 2938 1402 2962 7
1442 2896 1526 2948 δαὶ
1563 2904 1642 2955 τῖς
1674 2905 1754 2949 roa·
1784 2906 1965 2968 λουτροῦ
1998 2916 2233 2963 παλιγγε-

123 2983 198 3023 tra
227 2975 410 3025 Arian.
445 2996 494 3025 n.
537 2994 591 3025 12
614 3014 627 3035 ‚
677 2996 787 3044 opp.
823 2979 933 3028 edit.
977 2980 1133 3029 Maur.
1223 2985 1366 3036 νοτίοις
1398 2980 1536 3034 τέκνω
1568 2987 1714 3051 γεννᾷ.

126 3065 236 3104 tom.
262 3075 276 3105 ι
299 3097 312 3114 ,
345 3070 459 3124 part.
500 3076 549 3119 1,
589 3077 696 3127 pag.
752 3058 876 3125 1343
919 3080 1005 3111 nec
1043 3080 1137 3111 non
1222 3121 1226 3124 ,
1291 3065 1360 3128 (14)
1399 3064 1550 3113 Ηοηι.
1585 3083 1629 3113 x1
1651 3066 1707 3112 in
1730 3067 1899 3130 lepist.
1920 3066 1985 3113 ad
2014 3066 2227 3117 Timoth.

127 3136 387 3201 Fragment.
415 3155 452 3188 11
483 3159 534 3190 ex
570 3160 704 3206 opere
736 3143 843 3190 hist.
893 3142 942 3201 S.
974 3143 1138 3194 Hilarii
1222 3165 1274 3194 n.
1301 3136 1341 3193 i.
1368 3151 1437 3213 Τῇ·
1463 3143 1549 3212 γοὲρ
1578 3144 1825 3214 χειροτονίᾳ
1849 3145 1956 3210 μένῃ
1987 3148 2234 3215 ὅπερβεβέ-

128 3234 180 3264 n.
214 3216 243 3265 5
278 3230 322 3266 et
346 3238 395 3269 n.
429 3219 516 3281 ι6,
546 3224 606 3271 ad
637 3224 806 3271 calcem
835 3242 944 3290 opp.
975 3225 1027 3276 S.
1056 3227 1140 3276 Hi·
1223 3249 1360 3290 κοισι,
1393 3225 1470 3277 καὶ
1489 3234 1625 3294 roffi-q,
1656 3228 1783 3292 μένον
1813 3228 1995 3279 &onorio-1
2026 3243 2236 3280 πλεονεκ-

132 3299 234 3346 larii
266 3299 438 3351 Pictav.
473 3302 587 3353 edit.
621 3305 768 3355 Maur.
801 3316 917 3355 tom.
950 3322 1003 3357 u.
1224 3310 1311 3358 τεῒν
1344 3306 1449 3361 τούς
1477 3308 1814 3376 πρεσβυτέρους.

194 3381 260 3443 (2)
300 3380 440 3432 Hice.
472 3384 632 3433 eccles.
670 3387 755 3434 lib.
787 3405 831 3435 vi
853 3425 867 3445 ‚
911 3405 1015 3453 cap.
1051 3387 1139 3452 43.
1296 3392 1360 3456 (5)
1398 3392 1499 3442 Cfr.
1535 3393 1735 3441 Max-ten.
1762 3391 1844 3451 De
1866 3391 2079 3456 antiquis
2094 3390 2233 3442 Eccl.

195 3463 261 3525 (3)
298 3463 413 3528 Cap.
446 3462 585 3527 4.‘Hv
603 3465 683 3529 pair
715 3466 802 3534 γοὲρ
828 3466 922 3518 ἐστὶ
945 3468 1140 3537 πατέρων
1227 3474 1362 3523 ritib.
1388 3474 1474 3522 lib.
1498 3492 1542 3533 1,
1571 3484 1690 3539 part.
1719 3488 1784 3535 11,
1816 3484 1904 3525 art.
1938 3488 2013 3522 [ι.

127 3542 358 3604 syenna-mn*
408 3543 555 3607 τάξις·
616 3547 818 3616 παπ-ἔρως
868 3548 958 3618 γοῖρ
1011 3561 1144 3612 veni?
1298 3556 1361 3619 (6)
1403 3557 1678 3621 Perpetui&
1697 3553 1815 3603 dela
1831 3556 2124 3619 foi.tom.v‚
2149 3556 2233 3605 liv.

129 3634 188 3694 ‘eff
220 3626 456 3693 ἐκκλησίᾳ·
485 3627 587 3682 ἤθε’
604 3629 802 3698 ποετ-ἔρως
832 3631 901 3695 μνῖ
925 3632 1141 3697 δυναμένη
1232 3635 1282 3697 5,
1319 3638 1391 3687 ch.
1431 3634 1482 3684 8.
