2508 4120
268 105 384 166 404

905 117 1229 157 TRACTATUS
1273 118 1341 154 BE
1386 116 1766 157 mA'rmmomo.

266 269 510 329 diversae
545 261 979 322 communionis
1011 259 1256 319 asseclas
1293 261 1443 318 tueri
1467 258 1696 320 dicatur
1717 305 1732 333 7
1782 259 1992 330 debet,
2043 279 2217 343 prout
2249 291 2400 328 una·

268 382 511 447 quaeque
546 359 660 419 fert
698 357 930 439 religi0‚
968 357 1179 416 iisdem
1234 357 1606 438 patrocinari.
1656 359 1804 416 Cum
1847 379 1984 417 vero
2024 359 2268 422 Ecclesia
2301 386 2398 425 ca-

272 458 486 518 tholica
516 456 904 538 profiteatur,
960 475 1021 513 se
1054 452 1373 512 abhorrere
1419 452 1493 538 ab
1547 453 1839 532 ejusmodi
1890 456 2168 535 conjugiis
2222 479 2402 541 eaque

271 553 553 614 detestari
577 597 592 626 .,
634 550 925 633 profectO,
950 551 1051 631 qui
1084 549 1237 630 cogit
1268 547 1607 608 Sacerdotes
1650 549 1725 608 ad
1765 549 1867 609 has
1901 552 2136 633 nuptias
2160 553 2406 632 positive

260 651 384 708 «ritu
418 669 581 708 sacro
615 644 950 730 probandas
970 689 987 718 ‚
1019 644 1410 720 convincitur,
1436 644 1528 703 his
1558 645 1676 704 suis
1706 644 1931 724 legibus
1959 654 2087 705 'non
2125 669 2186 706 se
2212 660 2406 730 patro-

267 747 449 808 cinari
472 742 782 805 Catholicis
800 788 817 818 ,
855 742 960 801 sed
989 763 1086 800 eos
1117 741 1353 822 penitus
1378 742 1730 823 opprimere.
1764 740 1825 799 Id
1855 763 2031 823 porro
2063 744 2240 824 magis
2270 766 2406 803 con·

266 845 537 902 firmatur
566 861 637 901 ex
668 861 760 913 00,
782 836 943 920 quod
968 835 1259 916 ejusmodi
1289 837 1554 916 conjugia
1578 836 1799 919 absque
1824 835 2251 898 benedictionis
2278 839 2403 899 cols

265 939 530 1013 latione‚
579 938 699 995 imo
747 933 969 1017 absque
1015 933 1203 991 forma
1260 934 1598 1015 praescripta
1656 956 1688 992 a
1738 933 2086 993 Tridentino
2137 936 2351 996 fuerint
2381 984 2397 1012 .,

263 1035 472 1096 saltem
524 1031 717 1115 quoad
755 1029 884 1090 illas
933 1028 1266 1112 provincias
1317 1028 1395 1094 de,
1443 1028 1655 1112 quibus
1713 1031 2085 1112 potissimum
2135 1033 2397 1115 agimuS‚

266 1130 460 1192 valida
498 1128 811 1189 declarata.
1022 1130 1027 1136 ’

349 1226 492 1287 334.
540 1224 708 1300 Quod
742 1245 885 1286 vero
910 1223 1182 1302 adJicitur
1206 1223 1280 1283 de
1315 1235 1516 1283 mente
1553 1222 1819 1284 Ecclesiae
1847 1224 2144 1285 catholicae
2167 1226 2402 1287 delendi

265 1322 746 1398 reformationem
783 1319 969 1380 tribus
1015 1319 1231 1378 abhinc
1267 1318 1475 1379 seculis
1513 1331 1682 1380 tanto
1731 1320 2037 1382 molimine
2063 1322 2401 1395 inductam,

265 1441 569 1503 possemus
615 1437 938 1500 reponereq
973 1416 1163 1497 ipsam
1201 1415 1263 1473 in
1303 1414 1414 1475 hoc
1458 1416 1619 1497 fungi
1664 1439 1907 1478 munere
1949 1418 2058 1479 sibi
2094 1441 2127 1478 a
2170 1419 2402 1479 Christo

261 1514 625 1575 demandato
651 1559 667 1587 ,
703 1511 1065 1595 praedicandi
1091 1511 1470 1591 Evangelium
1497 1514 1660 1570 omni
1689 1525 1966 1574 creaturae
1987 1560 2002 1588 a
2037 1514 2401 1597 docendique

267 1633 472 1671 omnes
504 1621 707 1690 gentes
739 1608 862 1667 sive
886 1606 1151 1666 infideles
1173 1609 1296 1667 sive
1310 1619 1603 1688 apostatas
1623 1652 1640 1681 ,
1664 1629 1759 1667 eas
1782 1610 2109 1670 revocando
2132 1610 2208 1669 ad
2234 1612 2401 1671 unice

266 1728 469 1766 veram
500 1704 845 1784 religionem
867 1748 884 1776 ,
934 1701 1271 1763 reducendo
1307 1724 1446 1763 oves
1484 1715 1750 1763 errantes
1792 1705 1868 1763 ad
1909 1707 2147 1764 unicum
2184 1706 2401 1766 Christi

270 1801 425 1862 ovile
454 1811 514 1860 et
538 1799 614 1857 ad
637 1809 935 1881 pastorem
967 1818 1000 1856 a
1030 1818 1147 1879 quo
1170 1796 1593 1874 discesserant,
1625 1820 1689 1857 ac
1724 1800 1973 1881 proinde
2003 1800 2204 1860 devios
2233 1823 2403 1884 quos-

265 1918 380 1981 que
413 1896 490 1956 ad
532 1894 734 1953 salutis
771 1893 1107 1963 tramitem„
1162 1892 1480 1975 quaerendo
1529 1894 1688 1976 quod
1729 1896 1982 1977 perierat
2029 1898 2137 1978 (l).
2189 1899 2400 1957 Verum

263 1995 376 2054 hoc
417 1991 843 2076 praetermis50‚
894 1988 939 2046 si
989 1988 1119 2048 talis
1158 2001 1310 2048 esset
1356 1989 1621 2050 Ecclesiae
1667 2012 1835 2050 mens
1877 1992 1940 2050 in
1981 1994 2249 2053 cautione
2302 1993 2401 2053 illa

265 2088 547 2170 exigenda
568 2134 585 2162 .,
618 2085 874 2147 Ecclesia
907 2089 1303 2167 promoveret,
1331 2107 1698 2169 quacumque
1722 2099 1917 2170 posset
1950 2109 2084 2170 ope,
2111 2089 2398 2168 ejusmodi

265 2189 449 2245 mixta
487 2182 778 2244 connubia
803 2226 821 2257 ,
851 2181 1157 2241 induceret
1195 2182 1342 2241 filios
1376 2204 1510 2241 suos
1547 2183 1623 2241 ad
1662 2184 1767 2242 has
1796 2186 2031 2265 nuptias
2064 2185 2351 2244 ineundas
2376 2233 2392 2262 a

266 2293 331 2341 ut
371 2283 766 2341 Protestantes
804 2277 992 2337 facere
1029 2289 1481 2337 consueverunt.
1519 2280 1693 2360 Atqui
1740 2279 1987 2339 Ecclesia
2021 2279 2218 2340 fideles
2261 2303 2394 2342 suos

335 2487 401 2552 (l)
439 2486 642 2535 Ecclesia
691 2487 815 2534 enim
876 2484 1100 2533 catholica
1131 2522 1144 2544 ‚
1184 2497 1287 2550 quae

263 2570 466 2619 Ecclesia
511 2580 576 2617 est
621 2571 832 2616 omnium
879 2568 1175 2624 seculorum,
1214 2579 1288 2614 ut-

1377 2490 1606 2549 apostatas
1654 2495 1699 2533 et
1750 2488 2013 2536 incredulos
2031 2523 2045 2548 ,
2110 2493 2397 2558 quicumque

1377 2567 1567 2615 demum
1600 2571 1692 2617 sint
1722 2579 1803 2616 aut
1828 2573 1992 2635 quovis
2018 2574 2209 2620 nomine
2231 2590 2398 2622 vocen-

201 2704 205 2713 ,
263 2663 371 2718 pote
402 2670 429 2701 a
454 2651 642 2700 Christo
678 2651 870 2699 fundata
891 2687 904 2708 ‚
943 2652 1107 2716 quovis
1133 2650 1287 2698 seculo

262 2735 454 2784 rebelles
469 2735 589 2783 filios
601 2751 707 2782 suos
723 2733 783 2782 ad
797 2751 844 2781 se
858 2742 1132 2781 revertentes
1146 2732 1288 2780 colle-

265 2821 335 2884 git
354 2857 367 2877 ‚
400 2828 446 2867 et
474 2818 532 2866 ad
554 2820 803 2876 unitatem,
825 2834 850 2865 a
870 2834 961 2881 qua
984 2827 1283 2875 recesserant,

263 2905 524 2951 revocavit.
553 2901 621 2950 lta
644 2903 813 2966 recepit
834 2900 1072 2947 Gnosticos
1097 2936 1110 2958 ,
1134 2898 1287 2947 Mani-

262 2987 411 3035 chaeos
430 3024 446 3050 ,
475 2988 667 3034 Arianos
684 3023 698 3049 ‚
739 2985 1095 3034 Macedonianos
1115 3021 1128 3043 ,
1173 2983 1286 3032 Nes-

264 3074 467 3118 toi-ianos
484 3107 496 3130 ‚
528 3068 840 3135 Eutychianos
859 3103 875 3129 ‚
894 3077 1009 3128 etc.;
1039 3085 1167 3116 nunc
1194 3067 1287 3116 col-

262 3153 362 3216 ligit
389 3151 695 3211 Luffieranos,
737 3149 1008 3199 Calvinistas
1031 3185 1045 3208 ,
1073 3148 1284 3198 Socinia-

264 3254 376 3295 nos,
408 3235 704 3300 Evangelicos
727 3272 740 3293 ‚
778 3233 1137 3289 Rationalistas‚
1170 3244 1215 3282 et
1249 3236 1284 3282 si

265 3321 348 3385 qui
372 3318 446 3366 alii
483 3329 618 3376 sunt,
654 3320 736 3383 qui
773 3335 800 3365 a
841 3317 1046 3365 veritatis
1082 3318 1188 3375 via,
1234 3333 1287 3365 ac

264 3409 502 3466 propterea
535 3418 559 3448 a
599 3402 672 3447 via
702 3409 881 3448 aeternae
908 3398 1065 3446 salutis
1082 3398 1287 3448 deflexe-

265 3484 378 3531 rint.
410 3481 567 3531 Missio
596 3486 722 3531 enim
743 3521 757 3544 ‚
776 3501 917 3548 quam
944 3484 1039 3546 ipsa
1056 3484 1230 3545 accepit
1260 3499 1285 3530 a

267 3561 450 3613 Christo
476 3564 721 3613 fundatore
746 3580 831 3614 suo
851 3603 865 3626 ‚
894 3574 993 3627 taJn
1009 3580 1057 3612 se
1093 3564 1286 3629 porrigit

262 3646 322 3693 ad
354 3645 562 3696 infideles
587 3685 600 3707 ‚
637 3664 778 3713 quam
821 3646 878 3695 ad
915 3646 1156 3694 haereticos
1179 3684 1190 3705 ‚
1240 3656 1285 3694 et

1376 2660 1468 2698 tur.
1504 2649 1756 2716 Nunquam
1785 2652 1883 2700 fieri
1916 2663 2088 2717 potest,
2119 2664 2169 2702 ut
2195 2654 2396 2704 Ecclesia

1375 2732 1434 2781 ab
1462 2734 1552 2781 hoc
1575 2734 1760 2782 salutari
1786 2738 2038 2784 ministerio
2052 2734 2262 2786 desistat.
2280 2737 2394 2786 Om—

1375 2831 1455 2863 nes
1470 2816 1752 2864 schismatici
1768 2818 1984 2879 haeretici,
2004 2829 2047 2867 et
2060 2829 2277 2883 apostatae
2290 2821 2393 2869 fue-

1375 2909 1483 2946 runt
1501 2898 1754 2963 aliquando
1781 2899 1864 2946 filii
1887 2903 1993 2958 sui,
2021 2901 2183 2949 saltem
2215 2905 2392 2952 ratione

1374 2979 1596 3045 Baptismi
1615 3019 1627 3041 ,
1650 2980 1846 3048 ideoque
1895 2984 2039 3031 multo
2072 2987 2227 3033 minus
2253 2997 2394 3051 potest

1374 3061 1576 3111 Ecclesia
1605 3064 1829 3130 negligere
1850 3067 2004 3131 ‚quod
2022 3069 2071 3114 in
2089 3085 2136 3117 se
2168 3079 2260 3128 est,
2287 3072 2393 3117 isto-

1374 3163 1479 3193 rum
1507 3158 1722 3195 aeternam
1759 3147 1974 3197 salutem.
2008 3149 2237 3215 Equidem
2255 3155 2386 3211 novi,

1374 3230 1474 3278 haec
1543 3230 1912 3281 protestantibus
1996 3251 2091 3281 non
2172 3236 2389 3285 arridere.

1374 3313 1455 3361 Ast
1482 3314 1629 3363 velint
1652 3315 1833 3376 nolint,
1860 3318 1922 3364 ita
1950 3334 1998 3365 se
2027 3334 2095 3366 res
2125 3317 2281 3368 habet.
2302 3320 2389 3366 Ac-

1373 3407 1534 3446 cusent
1563 3397 1671 3447 licet
1711 3397 1966 3447 Ecclesiam
2002 3399 2275 3448 catholicam
2312 3418 2386 3448 su-

1373 3480 1656 3545 perstitionis
1672 3518 1687 3541 ,
1722 3482 2045 3543 intolerandae,
2086 3483 2379 3547 senoniensi,

1372 3563 1563 3628 perinde
1588 3573 1688 3629 est;
1722 3581 1809 3613 nec
1840 3566 1966 3615 enim
2007 3568 2172 3616 veritas
2205 3569 2378 3615 immu-

1366 3647 1451 3693 tari
1480 3645 1662 3695 idcirco
1686 3655 1853 3711 potest.

2502 3468 2508 3547 Ξ

2502 3553 2508 3582 ἔ
