2508 4120
317 57 433 117 {018

392 221 586 263 VERSIO
616 219 813 261 LATINA
844 217 1124 263 Locorum,
1158 218 1277 266 QUAE
1308 218 1379 257 EX
1408 204 1796 259 SCRIPTORIBUS
1823 218 1997 259 lTALls
2024 219 2126 260 VEL
2153 221 2361 266 {TALICE

962 298 1017 339 IN
1048 297 1159 339 HOC
1195 298 1475 340 VOLUMINE
1505 299 1794 341 CITANTUR.

371 443 472 492 Pag.
507 439 573 480 16—
600 439 661 479 Ex
690 439 901 480 Sermone
924 439 992 479 IX
1010 436 1169 479 veteris
1193 436 1388 480 Parochi
1413 437 1601 480 Tuscioe.

370 524 456 562 Res
476 523 570 562 erat
595 518 893 562 aedificationis
924 520 1053 574 plena
1084 522 1128 562 et
1150 519 1358 562 movendo
1392 519 1550 563 affectu
1580 521 1808 574 aptissima
1834 522 2030 575 tempore
2059 532 2281 564 sacrorum
2322 534 2444 566 exer-

316 588 517 631 citiorum
547 586 693 629 videre
709 588 916 630 ecclesias
937 587 1221 630 multitudine
1241 587 1436 630 fidelium
1450 587 1672 642 oppletas;
1697 588 1958 641 poenitentiae
1986 588 2226 631 tribunalia
2246 590 2446 634 omnibus

315 655 407 699 fere
427 655 583 698 diebus
597 655 772 698 obsessa
793 669 803 704 ;
826 668 903 710 per
918 655 1035 703 viaS‚
1058 669 1151 710 quae
1172 655 1226 697 ad
1247 659 1438 710 quatuor
1452 655 1655 698 ecclesias
1670 655 1909 708 ducebant,
1931 656 2232 700 decurrentem
2250 657 2448 713 plebem,

319 728 372 767 ut
402 724 653 779 quindecies
691 724 862 768 easdem
891 723 1113 775 visitaret,
1141 723 1231 778 jam
1261 737 1287 766 a
1314 725 1469 779 primis
1501 723 1601 775 diei¹
1618 724 1752 767 horis,
1777 728 1863 768 Nec
1888 725 1971 768 soli
1990 726 2179 781 operarii
2207 729 2251 770 et
2278 739 2301 770 e
2320 726 2446 782 plebe

317 793 515 835 homines
533 825 543 843 ‚
573 792 649 835 sed
680 793 762 835 viri
788 795 832 835 et
854 795 1059 835 matronae
1095 793 1251 847 opibus
1285 795 1329 835 et
1362 793 1591 836 nobilitate
1620 794 1869 848 conspicui,
1906 794 2072 849 abjecto
2107 794 2224 837 fastu
2246 827 2258 845 ,
2284 795 2445 839 vestitu

318 861 504 916 simplici
535 865 580 904 et
597 860 790 904 modeste
810 861 1047 916 composito
1068 860 1291 916 pedestres
1319 862 1617 905 accurrebant.
1641 866 1733 905 Uno
1748 863 1905 913 verbo,
1935 863 2133 907 sacerdos
2155 867 2200 907 et
2227 865 2443 920 populus,

318 943 448 973 senex
468 933 512 972 et
536 930 736 984 juvenis,
771 942 936 985 pauper
970 933 1014 972 et
1046 930 1193 981 diveS,
1231 930 1427 984 privatus
1457 934 1502 973 et
1531 931 1608 985 qui
1640 931 1894 974 muneribus
1935 931 2120 986 publicis
2153 931 2444 987 fungebatur,

320 1000 365 1040 in
399 999 575 1052 pietatis
605 1002 649 1041 et
681 999 944 1053 poenitentiae
970 999 1177 1053 operibus
1217 1012 1314 1043 cum
1343 999 1510 1041 fervore
1544 1002 1589 1041 et
1620 1000 1949 1054 compunctione
1979 999 2253 1055 perficiendis
2298 1003 2448 1045 sancta

319 1065 595 1110 aemulatione
622 1067 882 1121 flagrabant.
913 1066 1145 1109 Mediolani
1171 1070 1276 1110 tunc
1295 1080 1394 1110 vere
1411 1067 1702 1121 triumphavit
1723 1067 1853 1119 fides,
1877 1079 1977 1123 spes
1991 1071 2036 1112 ct
2054 1069 2236 1120 caritas;
2254 1072 2450 1125 tempora

257 1139 260 1143 '
322 1136 467 1179 Caroli
492 1135 726 1178 Borromaei
754 1134 934 1177 rediisse
966 1134 1253 1185 videbantur3
1282 1135 1566 1178 incredulitas
1595 1147 1644 1177 ac
1671 1135 1870 1186 licentia,
1903 1149 1997 1190 quae
2026 1137 2225 1191 regiones
2254 1136 2332 1180 has
2356 1138 2450 1193 jam

325 1204 726 1247 contaminaverant
742 1234 754 1254 ,
779 1202 1017 1245 frementes
1046 1215 1140 1244 sese
1161 1203 1496 1245 absconderunt.

376 1289 479 1341 Pag.
505 1287 601 1327 118.
630 1288 705 1327 Ex.
731 1288 825 1327 Em.
857 1284 984 1328 Card.
1005 1284 1260 1328 Pallavicini
1282 1284 1491 1328 Historia
1518 1284 1708 1329 concilii
1724 1285 1926 1346 Trici-ent.
1943 1285 1973 1326 l.
2002 1286 2129 1338 xvni,
2159 1299 2196 1328 c.
2222 1288 2297 1340 15,
2320 1290 2449 1330 11014.

378 1368 517 1419 Dixit,
551 1367 749 1409 haeresim
781 1367 900 1409 Aerii
928 1367 973 1408 in
995 1379 1044 1409 eo
1070 1368 1223 1419 sitam,
1257 1367 1374 1423 quod
1392 1380 1542 1410 omnes
1562 1368 1836 1424 presbyteros
1868 1368 2061 1423 aequales
2093 1381 2143 1412 ex
2175 1370 2274 1425 J'ure
2306 1369 2453 1414 divino

324 1435 593 1485 affirmabat3
643 1434 837 1490 adeoque
865 1437 1091 1476 Summum
1135 1435 1384 1478 Pontificem
1415 1435 1807 1491 complectebatur,
1856 1437 1933 1491 qui
1974 1437 2074 1491 jure
2109 1436 2256 1480 divino
2288 1439 2454 1483 cunctis

322 1505 519 1560 superior
553 1507 633 1546 est.
670 1503 795 1554 Quod
823 1504 1047 1558 spectabat
1080 1503 1134 1545 ad
1166 1504 1522 1547 constitutionem
1554 1505 1750 1555 Martini,
1785 1505 2057 1555 observavit,
2089 1507 2144 1547 ab
2173 1506 2363 1548 Ecclesia
2404 1509 2455 1548 ut

323 1573 548 1614 haereticos
563 1571 760 1612 damnari
773 1583 846 1613 eos
855 1584 1043 1624 quoque,
1062 1572 1136 1625 qui
1153 1572 1321 1625 aliquid
1336 1571 1577 1626 loquuntur
1592 1575 1669 1614 aut
1683 1572 1847 1614 faciunt
1859 1575 2006 1614 contra
2017 1574 2090 1627 jus
2098 1573 2453 1627 ecclesiasticum,

327 1640 404 1682 ubi
419 1651 497 1694 per
514 1639 560 1680 id
576 1638 820 1681 ostenditur
836 1639 1053 1681 sententia
1073 1639 1292 1681 contraria
1317 1639 1449 1682 alicui
1463 1641 1661 1692 veritati,
1691 1653 1785 1695 quae
1799 1640 1864 1683 ‚sit
1878 1641 1992 1694 {uris
2016 1640 2178 1692 divini,
2198 1645 2243 1683 et
2255 1641 2455 1684 includa-

331 1712 407 1749 tur
426 1708 471 1748 in
488 1719 538 1749 eo
550 1737 562 1758 ‚
586 1705 704 1760 quod
719 1709 786 1749 est
797 1707 909 1761 Juris
926 1707 1222 1749 ecclesiastici.
1243 1710 1335 1748 Hac
1349 1708 1518 1750 ratione
1539 1711 1750 1762 tanquam
1768 1707 1992 1750 haereticos
2011 1708 2209 1750 damnari
2235 1720 2456 1756 sacrarum

329 1775 569 1829 imaginum
590 1776 909 1828 contemptores
925 1805 937 1824 ,
965 1772 1070 1827 quia
1083 1773 1128 1814 in
1150 1786 1200 1815 eo
1217 1777 1469 1828 contemptu
1485 1806 1496 1825 ,
1517 1775 1596 1817 Dei
1615 1787 1665 1817 ac
1679 1777 1933 1817 Sanctorum
1954 1774 2182 1829 despectus
2195 1776 2455 1819 continetur.

328 1844 472 1898 Igitur
489 1843 624 1885 etiam
645 1845 858 1896 tanquam
876 1841 1072 1884 haeresim
1099 1840 1240 1884 refelli
1261 1843 1527 1885 sententiam
1542 1846 1773 1897 negantem
1793 1843 2141 1898 jurisdictionem
2166 1845 2211 1885 in
2237 1844 2458 1899 Episcopis

335 1912 605 1967 superiorem
621 1914 868 1965 comparate
886 1910 939 1952 ad
955 1909 1256 1966 presbyteros;
1274 1923 1350 1965 per
1371 1910 1416 1952 id
1432 1912 1548 1954 enim
1566 1914 1752 1966 negatur
1766 1913 2006 1954 auctoritas
2020 1945 2033 1964 ,
2053 1924 2185 1967 quam
2199 1912 2297 1967 jure
2312 1911 2457 1956 divino

337 1983 574 2035 Supremus
602 1978 797 2022 Pontifex
828 1978 1018 2032 obtinet,
1060 1979 1137 2035 qui
1167 1979 1391 2035 Episcopis
1419 1980 1626 2035 majorem
1655 1992 1789 2035 quam
1816 1979 2086 2036 presbyteris
2108 1979 2452 2036 jurisdictionem

333 2049 548 2105 impertit.
759 2096 761 2099 ¹

388 2135 491 2185 Pag.
520 2132 615 2172 166.
642 2132 705 2171 Ex
731 2132 802 2172 W.
831 2129 1012 2172 Cobbeti
1033 2130 1244 2173 Historia
1268 2130 1463 2185 Reform.

392 2211 593 2267 Episcopi
613 2210 815 2253 catholici
845 2209 1035 2264 Collegia
1051 2210 1249 2253 undecim
1270 2211 1422 2253 Oxonii
1440 2210 1697 2253 fundarunt.
1715 2211 1832 2254 Olim
1862 2224 1988 2255 nemo
2014 2213 2074 2254 ibi
2096 2223 2273 2266 pauper.
2289 2213 2324 2253 Α
2343 2213 2455 2253 tem-

334 2294 442 2337 pore
480 2279 819 2323 Reformationis
857 2291 1069 2334 pauperes
1110 2280 1250 2323 instar
1278 2279 1542 2322 insectorum
1568 2280 1737 2335 AEgypti
1770 2283 1907 2322 totam
1940 2281 2139 2334 Angliam
2172 2278 2457 2321 inundarunt.

340 2353 447 2391 Cum
478 2361 555 2403 per
580 2348 901 2402 quinquaginta
928 2358 1064 2388 annos
1089 2346 1356 2397 carceribus,
1387 2347 1512 2399 igne,
1533 2346 1646 2388 ferro
1673 2350 1716 2388 et
1739 2347 1947 2400 patibulis
1980 2347 2173 2389 saevitum
2202 2349 2336 2397 esset,
2368 2345 2458 2388 lata

344 2423 411 2462 est
434 2419 498 2460 lex
515 2416 567 2459 de
585 2402 915 2470 taoeatione'pro
937 2415 1205 2470 pauperibus
1223 2446 1235 2462 ‚
1263 2413 1398 2456 donec
1419 2413 1597 2468 quidam
1613 2415 1804 2456 Malthus
1818 2415 2031 2470 parochus
2058 2417 2304 2470 protestans
2322 2425 2459 2468 nuper

341 2486 589 2544 proposuit,
606 2488 656 2527 ut
670 2485 763 2538 lege
780 2484 1040 2535 sanciretur,
1065 2483 1267 2526 omnibus
1287 2495 1312 2525 a
1329 2486 1494 2525 statuto
1523 2483 1710 2537 quodam
1730 2482 1799 2526 die
1813 2484 2045 2526 nascituris
2067 2486 2110 2526 et
2128 2496 2277 2526 eorum
2291 2483 2460 2538 genito-

339 2557 462 2599 ribus
484 2551 734 2607 deneganda
749 2564 844 2594 esse
864 2551 1060 2594 subsidia
1073 2583 1086 2603 ‚
1104 2554 1154 2593 ut
1168 2554 1331 2594 naturae
1349 2552 1489 2606 poenis
1506 2551 1805 2606 subjiciantur.

395 2638 608 2691 Pag.176.
624 2637 686 2676 Ex
703 2634 895 2676 Mahonii
914 2646 1041 2689 opere
1054 2665 1066 2686 ,
1098 2634 1166 2676 cui
1182 2633 1342 2675 titulus
1362 2647 1372 2675 :
1399 2632 1629 2680 Medicina
1646 2632 1800 2689 legalis
1830 2637 1870 2676 et
1880 2632 2045 2688 politia
2063 2632 2246 2683 medica,
2263 2634 2367 2674 tom.
2390 2634 2458 2684 lv,

346 2720 443 2763 pag.
463 2708 565 2757 261,
588 2703 694 2747 edit.
715 2702 889 2745 Mediol.

399 2803 442 2846 Si
463 2801 562 2856 qui,
581 2802 631 2841 ut
645 2801 787 2841 status
803 2798 872 2839 sui
893 2796 1043 2840 officiis
1059 2797 1141 2838 rite
1160 2795 1418 2850 fungantur,
1442 2797 1510 2841 vel
1527 2796 1614 2838 alia
1628 2795 1681 2838 de
1696 2807 1825 2839 causa
1841 2827 1853 2847 ,
1874 2798 2038 2837 naturae
2053 2794 2146 2838 voci
2162 2793 2359 2836 auditum
2375 2805 2459 2835 non

344 2872 574 2926 praestant,
595 2866 766 2909 nullum
784 2866 884 2908 hinc
904 2866 1060 2919 saepius
1079 2866 1304 2919 patiantur
1336 2864 1683 2916 incommodum;
1712 2865 1750 2905 si
1776 2866 1982 2917 praeterea
2001 2862 2264 2917 experientia
2293 2865 2461 2904 constat

345 2940 480 2989 virOS,
517 2937 594 2992 qui
629 2935 850 2989 religionis
871 2946 1000 2978 causa
1021 2934 1247 2976 coelibatus
1275 2934 1392 2988 leges
1421 2933 1682 2988 rigidissime
1702 2932 2013 2984 observarunt,
2036 2931 2189 2974 florida
2216 2930 2461 2973 valetudine

345 3008 401 3051 ad
417 3010 649 3050 extremam
668 3016 805 3058 usque
821 3004 1089 3045 senectutem
1106 3003 1276 3056 gavisos
1287 3015 1395 3055 esse,
1410 3002 1455 3044 id
1470 3001 1643 3044 omnino
1659 2999 1989 3043 adscribendum
2015 3002 2082 3041 est
2096 2999 2163 3041 illi
2184 2999 2267 3054 ipsi
2283 3001 2463 3050 naturae,

345 3076 400 3118 ab
423 3075 530 3130 ipsis
559 3074 834 3126 contemptae,
871 3084 965 3126 quae
983 3069 1104 3111 nulla
1125 3070 1169 3111 in
1195 3074 1318 3125 parte
1343 3070 1479 3124 magis
1502 3068 1680 3124 provida
1697 3067 1869 3113 videtur
1895 3081 2027 3123 quam
2045 3067 2090 3108 in
2120 3067 2228 3110 miro
2250 3066 2432 3109 artificio
2447 3095 2461 3117 ,

348 3156 434 3198 quo
463 3143 690 3184 humorem
706 3139 953 3194 prolificum
972 3137 1185 3180 efformat.

402 3242 490 3292 Pag
528 3240 624 3279 177.
660 3239 720 3278 Ex
748 3235 944 3278 Mahonii
974 3234 1119 3276 citatis
1151 3246 1279 3286 opere
1309 3236 1354 3276 et
1370 3233 1478 3277 loco.

400 3319 587 3362 Prolifici
615 3319 811 3362 humoris
846 3318 1068 3373 absorptio
1101 3317 1303 3370 sanguini
1335 3315 1595 3359 immiscebit
1626 3315 1863 3370 particulas
1890 3315 2034 3357 activae
2058 3312 2332 3364 substantiae,
2370 3322 2460 3366 quae

352 3385 583 3428 sanitatem
612 3387 788 3429 firmant
821 3390 865 3429 et
894 3388 1007 3430 vires
1035 3385 1267 3439 adaugent.

406 3453 516 3496 lbid.
552 3454 612 3492 Ex
643 3455 708 3492 (A.
730 3458 933 3498 Laurent.
956 3454 1132 3497 Martini
1160 3465 1288 3507 opere
1308 3485 1319 3504 ‚
1354 3452 1470 3507 quod
1498 3452 1747 3494 inscribitur
1780 3450 2110 3495 :Proelectiones
2127 3447 2464 3505 physiologica,

354 3524 462 3564 tom.
493 3522 532 3565 X
553 3550 564 3571 ,
592 3518 691 3560 lect·
720 3519 908 3564 Lxxxu
929 3553 940 3573 ,
976 3534 1072 3576 pag.
1104 3523 1173 3563 96.

409 3592 509 3633 Haec
551 3587 730 3642 quaestio
774 3589 1077 3640 operosissima
1120 3594 1221 3641 est;
1262 3602 1346 3633 non
1376 3589 1473 3633 ideo
1514 3592 1659 3633 tamen
1682 3574 2078 3643 praetermittenda,
2120 3581 2469 3640 quandoquidem
