2612 4146
482 218 601 258 CAP.
650 222 713 257 11.
763 221 830 258 nn
865 220 1118 256 onnmum
1164 219 1396 256 nummo
1437 221 1504 256 ET
1547 220 1861 256 nmmum.
2004 264 2009 269 „
2113 198 2226 256 103

121 361 359 446 epistola
380 361 652 435 affirmat,
669 361 947 419 Diaconos
969 360 1263 421 vindicare
1278 359 1386 419 sibi
1402 361 1464 419 in
1478 360 1723 420 Ecclesia
1742 360 1825 436 id,
1844 360 2000 442 quod
2011 362 2226 421 Levitae

119 459 349 517 fuerant
383 457 443 515 in
471 455 691 537 templo
709 456 832 533 (l)3
863 456 924 513 in
951 457 1224 534 Epistola
1247 476 1386 515 vero
1415 458 1501 514 ad
1529 457 1923 514 Heliodorum
1951 456 2225 514 Diacona-

119 564 248 611 tum
280 550 536 633 appellat
564 555 806 609 tertium
837 551 1168 609 Sacerdotii
1188 551 1480 610 Ordinem
1494 550 1602 631 (2).
1628 553 1781 609 Dum
1809 550 1982 630 igitur
2006 555 2061 609 S.
2092 551 2224 610 Hie-

119 669 396 727 ronymus
419 646 479 704 in
513 643 736 720 objecto
766 645 889 703 loco
914 644 1193 703 Diaconos
1221 655 1390 703 vocat
1425 666 1762 703 mensarum
1797 644 2224 726 viduarumque

120 742 414 800 ministros
436 785 451 815 7
496 739 570 798 ad
629 738 1012 798 cohibendam
1054 738 1442 818 quorumdam
1488 739 1875 798 Diaconorum
1919 739 2221 799 audaciam

120 848 294 920 atque
329 834 757 915 impudentiam
797 833 1016 907 ¹tendit,
1061 831 1303 890 minime
1340 852 1480 891 vero
1523 831 1599 889 ad
1629 832 1833 913 ipsum
1871 835 2219 893 Diaconatus

120 930 399 991 Ordinem
418 928 890 1011 deprimendum.
905 924 1183 986 Nonnulli
1205 925 1363 984 enim
1377 925 1764 984 Diaconorum
1789 939 2029 1009 propter
2054 950 2221 987 suam

119 1027 506 1107 paucitatem,
555 1025 968 1105 Episcoporum
1015 1021 1274 1083 favorem
1309 1031 1370 1079 et
1418 1020 1700 1100 gratiam,
1739 1043 1855 1103 qua
1900 1021 2221 1103 plurimum

121 1120 427 1195 valebant,
467 1119 830 1201 potissimum
852 1138 1002 1176 -vero
1043 1127 1285 1198 propter
1317 1115 1609 1174 bonorum
1646 1116 2058 1197 temporalium
2097 1117 2220 1176 dis-

120 1215 518 1296 pensationem
536 1211 647 1272 sibi
669 1210 1059 1270 concreditam
1078 1256 1093 1285 ,
1118 1232 1186 1270 eo
1210 1210 1550 1289 arrogantiae
1572 1231 1637 1269 ac
1656 1209 1942 1291 superbiae
1967 1209 2226 1270 devene-

119 1321 293 1382 runt,
341 1318 408 1366 ut
444 1300 559 1366 suae
602 1305 945 1365 conditionis
975 1317 1150 1386 atque
1183 1303 1395 1385 gradus
1431 1305 1804 1367 immemores
1845 1304 2220 1385 Presbyteros
2263 1385 2266 1387 -

115 1401 562 1485 posthaberent,
594 1422 768 1482 seque
792 1399 904 1459 illis
925 1401 1302 1460 anteferrent.
1330 1401 1480 1459 Hinc
1500 1402 1560 1459 S.
1589 1403 1802 1460 Doctor
1828 1401 2096 1461 consulto
2125 1421 2222 1459 eos

111 1518 448 1556 mensarum
471 1495 892 1578 viduarumque
914 1496 1209 1554 ministros
1230 1495 1457 1555 vocavit
1477 1540 1493 1567 ,
1521 1507 1588 1554 ut
1608 1496 1823 1555 vilioris
1845 1496 2015 1554 officii
2036 1495 2226 1576 (quod

111 1592 390 1650 Diaconos
425 1590 769 1649 instituendi
800 1590 1016 1648 occasio
1048 1589 1196 1669 fuit)
1235 1588 1554 1664 admoniti,
1602 1590 1938 1652 desinerent
1973 1611 2032 1648 se
2071 1611 2227 1649 com-

110 1706 314 1766 parare
345 1706 476 1743 cum
513 1683 902 1764 Presbyteris,
940 1683 1014 1742 ad
1048 1706 1298 1765 quorum
1339 1704 1537 1764 preces
1574 1685 1788 1744 Christi
1826 1672 2047 1766 Corpus
2085 1686 2222 1744 San-

113 1781 350 1861 guisque
382 1781 703 1839 conficitur.
1508 1770 1520 1781 ’

197 1875 313 1938 67.,
346 1875 432 1933 Ad
462 1874 543 1932 4¹¹¹
564 1920 579 1948 .,
614 1874 765 1953 Neq.
797 1875 982 1954 Atque
1011 1875 1076 1933 in
1111 1874 1313 1954 primis
1348 1895 1469 1932 non
1509 1874 1571 1932 id
1599 1874 1841 1933 tradidit
1875 1875 2219 1955 Chrysosto-

117 1991 276 2042 musz,
317 1974 475 2047 cujus
501 1990 668 2028 mens
686 2013 702 2043 a
739 1979 804 2026 ut
838 1979 1000 2049 patet
1022 1990 1095 2028 ex
1124 1969 1398 2027 orationis
1430 1970 1573 2027 serie
1594 2014 1609 2041 ,
1643 1980 1730 2027 est
1752 2015 1766 2042 ‚
1805 1970 1962 2049 quod
1989 1969 2223 2027 nonnisi

116 2064 295 2125 serius
316 2085 527 2124 nomen
553 2065 938 2126 Diaconorum
972 2064 1118 2124 sicut
1147 2074 1207 2121 et
1236 2061 1709 2143 Presbyterorum
1732 2075 1790 2122 et
1810 2066 2223 2146 Episcoporum

42 2198 44 2200 -
116 2157 178 2215 in
208 2157 451 2216 Ecclesia
472 2159 866 2218 introductum
897 2158 1070 2216 fuerit
1089 2202 1106 2232 7
1139 2156 1275 2215 licet
1306 2157 1382 2215 ad
1410 2158 1471 2217 id
1498 2157 1653 2238 quod
1673 2180 1780 2240 per
1802 2180 2022 2217 nomen
2057 2159 2226 2238 signi·-

116 2253 319 2311 ficatur
336 2298 351 2326 ,
384 2256 626 2330 fuerint
653 2255 954 2321 ordinabi,
980 2264 1047 2311 ut
1081 2253 1205 2333 ipse
1230 2251 1488 2333 loquitur
1514 2254 1575 2310 in
1600 2252 1758 2327 loc0‚
1793 2254 1889 2334 qui
1917 2252 2220 2331 oincitur3

117 2367 225 2406 nec
247 2347 362 2407 alia
393 2369 559 2410 mens
593 2349 700 2406 fuit
723 2346 1155 2428 Theophylacto
1188 2358 1247 2406 et
1276 2347 1646 2406 OEcumenio
1678 2346 2070 2428 Chrysostomi
2096 2348 2224 2429 epi—

121 2441 499 2500 tomatoribus
527 2440 639 2521 (3).
667 2443 1126 2502 Neocaesariense
1151 2453 1347 2500 autem
1365 2441 1689 2500 Concilium
1714 2441 1825 2500 hoc
1853 2465 2039 2501 unum
2066 2443 2223 2502 affir-

187 2631 250 2694 (1)
287 2631 359 2678 En
384 2634 483 2697 ejus
508 2632 646 2681 verba
664 2669 677 2693 ‚
693 2634 861 2699 quibus
882 2633 1118 2681 concludit
1197 2635 1361 2681 similia
1384 2634 1590 2699 ejusdem
1609 2632 1658 2682 S.
1682 2633 1893 2682 Doctoris
1909 2635 1995 2682 cfr.
2015 2637 2064 2683 in
2077 2633 2226 2702 Epist

118 2713 354 2776 epistolam
386 2731 399 2761 :
429 2712 497 2763 Et
525 2724 578 2762 ut
601 2715 811 2762 sciamus
835 2714 1117 2762 traditiones
1198 2731 1252 2762 ιιι
1266 2714 1788 2780 adNepotiauum‚xx11
1802 2715 1868 2763 ad
1878 2715 2218 2788 Eustochium,

117 2792 450 2859 Apostolorum
473 2805 689 2862 sumptas
707 2797 764 2844 de
795 2796 964 2844 Veteri
996 2797 1045 2844 T
1041 2814 1117 2844 es-
1195 2800 1295 2846 etin
1307 2798 1398 2846 alia
1411 2797 1474 2847 ad
1498 2798 1543 2845 T
1541 2796 1832 2863 heophilum‚·
1845 2802 2014 2847 itemin
2035 2799 2219 2848 Comm.

117 2883 320 2924 tomento
343 2915 357 2937 ‚
391 2878 516 2942 quod
548 2879 716 2926 Aaron
738 2887 782 2926 et
802 2880 906 2941 filii
920 2881 1023 2941 ejus
1043 2887 1119 2926 at·
1202 2883 1250 2928 in
1284 2898 1386 2942 cap.
1418 2897 1480 2927 vu
1514 2880 1704 2928 Micheae
1729 2918 1741 2941 ‚
1771 2892 1815 2929 et
1842 2898 1943 2946 cap.
1978 2881 2043 2929 60
2073 2883 2218 2931 lsaiae.

117 2973 204 3020 que
216 2960 397 3006 Leviioe
414 2962 467 3006 in
489 2960 658 3025 templo
669 2961 872 3025 fuerunt
892 2999 904 3020 ,
921 2960 1005 3008 hoc
1024 2961 1121 3008 sibi
1270 2961 1341 3025 (3)
1378 2961 1530 3010 Hom..
1560 2980 1633 3009 xiv
1658 2964 1715 3008 in
1750 2961 1879 3010 Acta
1904 2963 2072 3028 Apost.
2097 2981 2149 3011 n.
2168 2965 2220 3011 3.

118 3036 350 3104 Episcopi
359 3050 404 3089 et
423 3042 699 3107 Presbyteri
712 3053 757 3090 et
774 3043 992 3091 Diacom'
1008 3046 1118 3090 vin·
1202 3042 1273 3089 En
1306 3042 1406 3107 ejus
1429 3044 1565 3091 verba
1588 3061 1602 3091 ε
1640 3043 1781 3092 Unde
1802 3054 1943 3109 puto,
1976 3061 2061 3091 nec
2091 3043 2226 3092 Dia-

121 3117 354 3169 dicent'i‘n
370 3120 606 3173 Ecclesia.
630 3125 727 3173 Cfr.
751 3127 799 3172 in
825 3125 947 3172 hanc
977 3125 1118 3190 Epist.
1188 3121 1432 3172 cenorum.
1447 3142 1531 3172 nec
1544 3126 1931 3190 Presbyterorum
1942 3126 2225 3189 tuncfuisse

124 3200 432 3253 adnotationes
465 3206 691 3254 vallarsii.
718 3206 894 3271 Scripta
927 3218 993 3254 est
1039 3226 1124 3255 au·
1206 3221 1377 3254 nomen
1392 3205 1656 3253 admissum
1677 3224 1763 3254 ‘nec
1783 3205 2222 3270 manifestumSed

125 3290 214 3329 tem
237 3283 334 3332 haec
364 3285 600 3350 Epistolaa
624 3287 670 3335 S.
692 3288 887 3336 Doctore
910 3289 1125 3337 adversus
1195 3289 1310 3353 jam
1341 3286 1410 3335 ad
1440 3287 1524 3335 hoc
1559 3289 1778 3335 ordinat-i
1811 3295 1938 3334 sunt.
1967 3287 2070 3335 Nec
2100 3290 2219 3336 sim·

122 3364 367 3428 quemdam
381 3366 651 3430 Falcidium,
667 3372 745 3435 qui
760 3369 985 3418 Diaconos
1000 3369 1127 3418 Pres-
1201 3368 1402 3435 pliciter
1428 3369 1512 3417 hoc
1549 3387 1726 3417 munus
1757 3368 1859 3416 illis
1894 3370 2214 3418 concreditum

122 3444 290 3509 hyteris
324 3450 585 3512 coaequabat
616 3462 694 3499 aut
733 3454 867 3499 etiam
904 3452 1129 3500 antescre-
1211 3459 1306 3508 est;
1325 3451 1406 3497 sed
1427 3453 1618 3516 precati
1653 3459 1784 3511 eunt,
1815 3459 1871 3498 ut
1886 3461 2096 3516 potestas
2121 3452 2220 3499 illis

121 3525 197 3572 bat.
230 3564 242 3585 ‚
277 3537 420 3593 atque
467 3530 770 3580 ambitionem
820 3533 1130 3581 Diaconorum
1212 3533 1559 3581 concederetur.
1606 3532 1664 3579 Et
1686 3533 1822 3596 paulo
1848 3544 1955 3582 ante
1983 3538 2079 3601 jam
2107 3537 2220 3582 scri-

122 3606 341 3655 Romanae
371 3609 580 3659 Ecclesiae
603 3611 833 3660 tuebatur.
1215 3625 1384 3680 psci-at,
1407 3615 1572 3662 referre
1587 3613 1638 3662 S.
1659 3615 1850 3675 Lucam,
1872 3617 1996 3681 quod
2014 3614 2226 3664 ordinati

185 3689 251 3750 (2)
284 3690 441 3755 Epist.
457 3709 529 3739 xvi
544 3731 555 3753 ‚
573 3711 622 3741 n.
636 3691 687 3752 8,
707 3691 819 3742 edit.
836 3693 1023 3744 vallars.
1041 3694 1137 3743 Alia
1217 3699 1316 3745 sint
1331 3712 1422 3761 per
1442 3698 1702 3744 orationem
1716 3729 1727 3743 .
1755 3698 1866 3746 Hoc
1891 3700 2022 3746 enim
2047 3704 2114 3744 eet
2135 3695 2227 3743 Or·
