2612 4146
2154 211 2230 268 69

452 233 572 270 CAP.
620 233 687 269 11.
735 234 795 269 m
839 232 985 269 sum.
1034 230 1276 271 SACR'AM.
1325 230 1491 270 Exrn'.
1542 230 1744 281 UNC‘r.‚
1789 230 1912 268 E'rc.

127 387 193 434 ut
213 373 482 434 nonnulli
505 373 825 434 scholastici
846 385 1225 434 autumat-unt
1238 373 1358 454 (1);
1379 374 1498 431 imo
1515 368 1854 451 colligimus,
1879 392 1984 432 nec
2004 393 2234 435 necesse

125 492 250 530 esse
267 515 283 545 ,
310 482 376 529 ut
395 492 599 530 omnes
626 470 863 529 effectus
886 491 993 552 per
1015 469 1708 548 formam.significentur3
1737 467 2234 548 quemadmodum

126 566 287 626 enim
332 566 650 646 antiquitus
693 563 851 622 nulla
899 564 1251 624 remissionis
1291 567 1670 645 'peccatorum
1703 563 1924 622 mentio
1965 584 2235 643 expresse

126 658 306 719 fiebat
323 705 340 735 ,
378 661 458 720 sic
486 681 678 740 neque
710 660 773 718 in
789 660 974 719 forma
994 705 1012 733 .,
1051 679 1175 740 quae
1200 678 1361 716 nunc
1373 656 1660 738 temporis
1676 658 1744 716 in‘
1761 679 1869 716 usu
1884 668 1972 717 est
1993 703 2008 732 ,
2032 657 2149 716 ulla
2172 659 2237 716 fit

127 776 398 837 expressa
422 756 642 814 mentio
661 753 883 813 roboris
901 774 967 812 ac
990 751 1372 825 fortitudinis3
1391 771 1520 832 quae
1533 744 1774 832 per'hoc
1795 749 2238 811 Sacramentum

128 849 427 908 confertur
453 850 526 909 ad
552 848 908 931 superandas
926 845 1151 906 diaboli
1181 845 1533 905 tentationes
1562 866 1628 904 ac
1663 845 1928 906 insidiaS.
1962 847 2239 906 Consistit

126 943 253 1002 haec
282 945 439 1002 enim
468 945 528 1002 in
557 943 687 1005 illis.
710 941 943 1004 verbis:
971 942 1101 1000 Per·
1119 944 1301 999 islam
1323 950 1599 998 sanctam
1622 944 1964 1000 unctionem
1985 952 2238 1001 etsuam

123 1042 463 1116 piissimam
490 1038 968 1099 misericordiam
987 1035 1302 1114 indulgeat
1321 1035 1443 1093 tibi
1465 1035 1786 1105 Dominus,
1807 1038 2112 1115 quidquid
2124 1059 2243 1116 per

128 1137 327 1192 visum
340 1181 356 1203 ,
374 1191 377 1194 ⁴
395 1144 497 1192 etc.
533 1134 853 1211 deliquisti.

212 1228 312 1286 39.
363 1230 429 1287 V.
458 1225 886 1306 Ambigendum
912 1237 1112 1286 autem
1136 1247 1258 1285 non
1287 1237 1407 1300 est,
1443 1226 1582 1307 quin
1605 1226 1771 1285 -solus
1800 1227 2083 1286 Sa'cerdos-
2103 1228 2233 1287 ido-

136 1343 280 1381 neus
299 1324 376 1380 sit
401 1321 572 1399 hujus
592 1321 948 1380 Sacramenti
984 1314 1251 1381 minister
1271 1367 1287 1395 ‚
1327 1330 1395 1379 ut
1421 1320 1606 1403 liquet
1631 1343 1704 1381 ex
1728 1320 1929 1382 verbis¹
1946 1325 1981 1382 J
1984 1321 2145 1381 acobi
2167 1321 2242 1381 ab

131 1417 395 1478 universa
432 1415 746 1475 traditione
789 1416 1061 1497 expositis
1099 1416 1210 1497 (2).
1252 1415 1549 1476 Audiendi
1588 1427 1896 1497 propterea
1935 1439 2058 1476 non
2103 1429 2242 1476 sunt

127 1512 431 1572 haereticus
443 1512 753 1592 Basnagius
771 1511 861 1591 (3)
875 1524 935 1572 et
948 1513 1164 1590 Launoj
1171 1534 1236 1571 us
1254 1511 1364 1593 (4),
1381 1512 1526 1572 dum
1543 1512 1931 1588 contendunt,
1941 1513 2244 1574 interdum

129 1628 162 1665 a
202 1606 456 1667 diaconis
477 1653 494 1682 ‚
528 1607 646 1667 imo
673 1605 768 1670 vel
792 1605 866 1666 ab
901 1606 1039 1688 ipsis
1068 1606 1224 1666 laicis
1248 1607 1311 1667 in
1337 1598 1695 1668 necessitatis
1731 1629 1866 1667 casu
1901 1607 2012 1667 hoc
2040 1610 2242 1685 Sacrass

201 1825 264 1890 (l)
299 1826 425 1876 Inter
466 1825 550 1876 hos
593 1845 690 1877 non
720 1828 938 1877 infimum
985 1828 1142 1878 locum
1176 1831 1178 1834 ’
1215 1830 1539 1897 proferantur.
1567 1828 1672 1879 Nec
1693 1830 1918 1879 omnibus
1938 1835 2244 1895 argumenta·

133 1908 310 1958 obtinet
335 1909 577 1959 Simonnet
597 1947 611 1971 ‚
646 1913 728 1977 qui
754 1910 916 1960 eadem
932 1913 1138 1973 ratione,
1220 1914 1408 1960 tionum
1443 1928 1644 1960 suarum
1659 1911 2051 1961 cavillationibus
2061 1914 2246 1975 fimnas

135 2008 229 2056 qua
251 2027 264 2049 ‚
293 2000 346 2039 ut
373 1991 574 2040 vidimus
591 2029 605 2052 ‚
637 2002 795 2041 contra
823 1994 1035 2040 omnium
1058 2010 1143 2041 an·
1223 1993 1461 2042 absolutas
1518 1993 1772 2042 convellere
1814 2001 2042 2059 poterunt
2063 2029 2078 2053 ,
2126 2009 2245 2058 quas

136 2075 372 2138 tiquorum
390 2071 779 2123 documentorum
800 2071 945 2124 fidem
971 2076 1142 2123 consti-

136 2155 254 2214 tuit,
289 2154 466 2203 nullam
495 2174 592 2205 esse
622 2155 960 2206 absolutionem
996 2157 1145 2205 forma

136 2234 421 2300 deprecativa
445 2239 698 2303 prolatam,
726 2241 794 2288 sic
819 2241 870 2287 in
886 2249 1021 2288 tract.
1044 2255 1141 2300 xvx,

135 2314 208 2365 De
228 2316 280 2364 E
280 2325 376 2369 xer.
403 2317 550 2369 Unct.
570 2321 689 2387 disp.
705 2338 748 2383 1,
775 2331 860 2370 art.
878 2319 925 2380 3,
942 2338 1062 2386 resp.
1083 2319 1111 2368 3
1125 2356 1142 2382 ‚
1170 2366 1172 2368 ,

139 2396 359 2460 adstruit,
385 2402 744 2468 repugnantibus
769 2405 973 2470 antiquis
999 2403 1146 2452 docu-

139 2481 330 2537 mentis,
358 2483 537 2531 nullam
566 2501 658 2532 esse
684 2485 880 2533 formam
914 2485 1145 2533 Extremae

137 2556 380 2608 Unctionis
395 2562 546 2611 verbis
564 2564 826 2612 indicativis
847 2574 1146 2629 conceptam.

135 2637 320 2689 Veteres
329 2641 582 2692 scholastici
595 2646 730 2692 venia
737 2643 863 2709 digni
879 2655 1024 2706 erant,
1039 2662 1149 2693 cum

138 2724 348 2771 nondum
384 2735 558 2789 reperta
590 2725 783 2774 fuissent
822 2725 1146 2786 documenta,

137 2821 240 2870 quae
255 2816 408 2870 postea
423 2807 598 2855 detecta
608 2817 736 2856 sunt.
750 2806 900 2857 Nimis
913 2817 1148 2872 propterea
1171 2831 1173 2834 ·

124 2888 295 2943 ‘acerbe
334 2890 701 2953 perstringuntur
751 2907 777 2937 a
816 2888 1040 2938 Menardo
1094 2906 1148 2938 ac

135 2967 361 3018 Mai-tenio
385 3007 400 3030 ‚
434 2972 516 3035 qui
540 2972 659 3020 inter
685 2981 834 3021 cetera
861 2970 1019 3021 scribit
1052 2964 1143 3020 loc.

139 3051 218 3098 cit.
248 3061 333 3100 art.
365 3050 395 3098 3
415 3089 429 3108 ‚
451 3049 480 3116 ξ
501 3068 536 3118 9
563 3069 576 3100 :
599 3050 723 3100 Hoec
752 3053 942 3119 (verba)
967 3057 1024 3102 in
1043 3056 1146 3119 qui·

139 3131 338 3180 busdam
361 3132 620 3182 ritualibus
650 3134 786 3183 modo
815 3135 1026 3184 absoluto
1046 3174 1059 3197 ‚
1088 3139 1146 3185 in

141 3209 255 3258 aliis
278 3212 570 3278 deprecativo
590 3253 603 3277 ‚
634 3215 688 3262 in
703 3217 952 3265 nonnullis
958 3220 1146 3283 partim

141 3290 348 3341 absoluto
366 3297 550 3359 partim
577 3297 870 3363 deprecativo
892 3302 1147 3348 enuntian-

141 3381 238 3422 tur.
262 3375 374 3437 Qua
396 3375 452 3423 de
477 3394 527 3424 re
537 3377 723 3442 frustra
753 3379 1000 3446 disputant
1012 3380 1147 3429 scho-

142 3453 301 3502 lastici
312 3492 325 3514 ,
341 3461 608 3522 cumparvi
620 3461 811 3525 reserat,
834 3465 1000 3526 quovis
1012 3463 1147 3512 inodo

132 3535 444 3600 proferantur
461 3576 474 3598 ,
502 3539 751 3590 dummodo
777 3545 833 3590 in
849 3545 1038 3592 nomine
1057 3542 1147 3593 Do-

143 3621 271 3666 mini
286 3656 297 3679 ,
325 3620 450 3683 quod
465 3620 615 3670 solum
637 3626 843 3688 requirit
868 3625 1126 3692 Apostolus
1143 3663 1156 3685 ,

1220 2076 1380 2125 omnis
1406 2075 1693 2140 approbavit·
1719 2077 2016 2139 antiquitas,
2054 2091 2140 2122 nec
2171 2092 2247 2122 re-

1183 2181 1187 2187 ·
1223 2165 1456 2222 spuerunt
1471 2157 1765 2221 insiqnicres
1789 2155 2040 2220 Theoloqi.

1292 2237 1358 2303 (2)
1395 2237 1583 2287 Veteres
1630 2238 1939 2287 Protestantes
1995 2235 2252 2301 Presbyte-

1223 2336 1386 2369 rorum
1411 2322 1604 2369 nomine
1641 2328 1779 2369 oetate
1797 2321 2006 2375 seniores
2026 2336 2249 2384 exposue-

1224 2412 1334 2451 runt
1353 2401 1658 2467 3Carpzovius
1685 2402 1899 2467 intelligit
1917 2404 2034 2451 viros
2055 2403 2249 2466 peritos,

1225 2486 1350 2550 pios,
1374 2485 1583 2532 cordatos
1604 2521 1618 2544 ‚
1636 2495 1750 2547 etc.;
1779 2482 1860 2532 alii
1881 2520 1895 2544 ‚
1924 2493 1976 2531 ut
1989 2482 2126 2547 paulo
2146 2492 2253 2530 ante

1225 2566 1429 2614 vidimus
1447 2599 1463 2627 ,
1503 2575 1745 2629 exponunt
1770 2566 1909 2612 etiam
1933 2564 1991 2611 de
2021 2565 2132 2610 viris
2157 2579 2254 2610 me-

1227 2647 1395 2693 dicinae
1439 2647 1769 2711 peritissimis3
1799 2661 1927 2693 nuuc
1964 2661 2070 2692 vero
2107 2642 2246 2691 nobis

1228 2727 1376 2787 dant,
1423 2745 1475 2776 ea
1498 2745 1610 2777 voce
1644 2728 1722 2774 hic
1750 2727 1998 2791 significari
2037 2723 2255 2775 Ecclesia>

1230 2810 1488 2857 ministros.
1509 2808 1634 2857 Hinc
1648 2807 1971 2857 Rosenmiiller
1990 2825 2099 2856 cum
2116 2806 2254 2855 Noes-

1226 2891 1314 2939 selt
1329 2928 1343 2952 ‚
1362 2891 1476 2939 fasc.
1496 2908 1532 2939 11
1550 2929 1564 2951 ‚
1588 2908 1690 2956 pag.
1722 2888 1821 2939 238
1837 2927 1849 2950 ‚
1876 2891 2112 2950 observat,
2132 2889 2256 2937 Pres-

1224 2972 1492 3038 byterorum
1560 2972 1793 3020 Ecclesioe
1837 2990 2010 3021 nomen
2053 2974 2104 3019 in
2140 2969 2258 3018 Novi

1194 3122 1197 3123 ⁷
1228 3054 1354 3103 Test.
1386 3055 1518 3103 libris
1541 3071 1732 3121 semper
1758 3054 1815 3103 de
1846 3056 1954 3102 viris
1977 3056 2027 3101 in
2052 3051 2256 3100 Ecclesia

1228 3137 1462 3201 primariis
1486 3138 1665 3202 ‚iisque
1688 3136 1760 3185 vel
1789 3137 2012 3201 magistris
2038 3133 2109 3182 vel
2135 3147 2263 3197 prae·

1228 3219 1404 3267 sidibus
1427 3221 1659 3284 usurpari.

1267 3320 1269 3325 ’
1295 3299 1364 3363 (3)
1403 3300 1462 3348 In
1491 3299 1771 3348 Annalibus
1789 3295 2178 3364 politico-eccles.
2203 3296 2262 3344 ad

1227 3399 1419 3431 annum.
1451 3381 1516 3431 58
1536 3420 1549 3442 ,
1581 3401 1627 3431 n.
1658 3398 1734 3430 10.

1294 3464 1359 3528 (la)
1397 3462 1487 3530 ΟΡ.
1508 3466 1587 3512 cit.
1612 3460 1874 3527 Explicata
1908 3456 2139 3509 Ecclesiae
2163 3466 2263 3507 tra-

1225 3545 1346 3595 ditio
1357 3548 1488 3596 circa
1502 3546 1800 3605 ministrum,
1811 3552 1899 3593 etc.
1917 3542 2095 3592 observ.
2111 3557 2139 3588 2
2153 3549 2197 3590 et
2214 3539 2270 3601 3,
