2508 4120
2062 166 2184 229 223

494 193 617 231 CAP.
665 194 705 229 1.
749 190 820 229 DE
861 188 1221 229 MATRIMONIO
1262 189 1320 225 IN
1363 189 1422 226 SE
1465 188 1755 227 SPECTATO.

158 336 257 395 232.
307 334 371 393 30
417 335 759 393 Innituntur
784 334 847 392 in
877 335 1002 415 ipso
1025 333 1380 391 Sacramenti
1407 331 1614 392 effectu
1635 377 1651 406 a
1692 331 1790 414 qui
1817 340 1903 391 est
1927 331 2183 395 indisso-

82 429 356 490 lubilitas.
394 432 463 489 Et
499 452 636 489 vero
675 430 796 488 haeo
835 428 909 490 ab
939 429 1064 508 ipso
1096 429 1469 486 Sacramento
1497 427 1679 486 oritur
1699 472 1716 501 ,
1746 449 1867 486 non
1895 439 2091 488 autem
2115 451 2186 489 ex

79 525 202 584 solo
240 524 494 583 naturali
537 536 636 583 aut
655 523 809 583 civili
844 532 1145 582 contractu
1166 566 1183 595 ,
1219 520 1320 602 qui
1350 542 1456 602 per
1490 543 1551 581 se
1587 521 1932 581 dissolubilis
1969 535 2091 598 est,
2120 536 2187 583 ut

74 633 237 702 patet
270 643 338 679 ex
363 619 633 698 conjugiis
666 618 990 678 infidelium
1022 637 1152 696 quae
1176 615 1412 675 dissolvi
1438 628 1681 696 possunt
1715 638 1822 699 per
1843 617 2182 679 alterutrius

77 716 330 794 conjugis
349 714 791 773 conversionem
811 758 828 787 v
854 722 918 770 ut
934 709 1105 793 paulo
1121 721 1254 790 post
1276 711 1673 785 ostendemuS,
1696 733 1855 771 secus
1871 735 1936 772 ac
1956 716 2189 775 eveniat

78 811 140 868 in
169 809 428 868 fidelium
455 808 757 868 connubiis
777 852 792 879 ,
829 829 959 888 quae
993 804 1175 863 semel
1206 803 1464 883 legitime
1504 817 1796 865 contracta
1823 818 1882 866 et
1909 829 2185 869 consum-

78 916 233 963 mata
255 949 271 978 .,
310 925 613 984 nunquam
639 902 829 983 quoad
863 899 1161 960 vinculum
1191 910 1438 980 possunt
1472 898 1730 961 dissolvi.
1766 903 1878 960 His
1923 903 2186 981 addunt,

76 998 278 1074 verba,
304 1021 433 1080 quae
461 999 522 1056 in
540 997 999 1057 adversariorum
1023 994 1334 1075 hypothesi
1361 995 1610 1054 formam
1638 998 2063 1058 constituerent
2087 1001 2190 1060 Sa·-

77 1095 361 1154 cramenti
390 1092 740 1152 Matrimonii
776 1114 789 1148 :
829 1093 958 1170 Eyo
986 1112 1083 1149 vos
1118 1095 1444 1170 conjungo,
1472 1102 1580 1151 ,aut
1616 1090 1726 1150 alia
1764 1114 1890 1173 quae
1921 1096 2189 1155 eamdem

77 1211 311 1247 sensum
334 1188 586 1246 reddant
605 1231 620 1260 ,
660 1207 810 1244 nova
835 1207 957 1244 esse
981 1207 1046 1244 ac
1068 1185 1382 1244 desiderari
1409 1208 1640 1266 prorsus
1668 1189 1730 1245 in
1767 1188 2038 1248 omnibus
2070 1190 2190 1251 fere

77 1284 326 1363 antiquis
346 1279 666 1340 Ritualibus
686 1279 848 1338 libris
869 1325 884 1354 .,
916 1302 1059 1361 quos
1082 1292 1348 1340 recenset
1371 1282 1687 1341 Martenius
1707 1282 1819 1362 (l);
1847 1286 1965 1343 imo
1981 1285 2191 1346 alicubi

76 1378 351 1437 Sacerdos
369 1376 489 1434 haec
507 1374 627 1434 sola
655 1374 832 1435 verba
860 1375 1048 1434 adhuc
1070 1377 1452 1457 pronunciat:
1483 1378 1656 1456 Quod
1665 1381 1832 1438 Deus
1857 1385 2191 1459 conjunxit,

75 1473 243 1531 homo
282 1492 399 1529 non
433 1481 663 1548 separet
699 1469 823 1548 (2);
872 1490 998 1550 quae
1038 1471 1283 1552 proinde
1326 1483 1390 1530 ut
1425 1494 1561 1534 vera
1610 1475 1971 1535 Sacramenti
2006 1478 2190 1538 forma

82 1565 288 1624 haberi
314 1576 616 1646 nequeunt
633 1609 647 1638 ,
685 1564 843 1645 quod
866 1586 987 1623 non
1014 1565 1253 1624 obscure
1279 1567 1571 1626 insinuare
1603 1567 1778 1627 etiam
1806 1571 2037 1630 videtur
2062 1573 2192 1633 Tri-

71 1660 405 1734 deminum,
424 1659 622 1719 dicens
649 1681 662 1716 z
701 1661 802 1719 Vel
815 1662 954 1718 aliis
979 1671 1195 1718 utatur
1211 1662 1426 1736 verbis„
1438 1666 1630 1740 juxta
1657 1674 1953 1742 receptum
1971 1670 2193 1725 unius-

75 1760 366 1834 cujusque
380 1759 705 1835 provinciae
723 1758 937 1812 ritum.
957 1757 1205 1814 Demum
1222 1756 1547 1827 novitatem
1565 1761 1865 1818 contrariae
1884 1763 2189 1822 sententiae

80 1862 324 1930 urgent,
362 1872 488 1931 quae
511 1862 648 1910 ante
670 1851 894 1908 Canum
920 1850 1018 1909 vix
1055 1863 1154 1908 aut
1181 1873 1256 1910 ne
1296 1853 1396 1912 vix
1434 1853 1669 1933 quidem
1707 1856 1768 1912 in
1808 1855 2013 1914 scholis
2050 1870 2190 1917 nota

82 1956 206 2003 erat
235 1945 358 2023 (3);
401 1966 533 2003 cum
567 1946 855 2004 sententia
886 1943 993 2002 illa
1014 1989 1030 2019 ‚
1072 1966 1198 2025 quae
1233 1946 1640 2005 contrahentes
1667 1949 1962 2009 ministros
1986 1953 2192 2010 Sacra-

82 2039 267 2096 menti
294 2039 645 2097 Matrimonii
667 2060 788 2097 esse
814 2040 1045 2111 statuit,
1076 2040 1138 2096 in
1167 2050 1290 2098 tota
1312 2041 1591 2099 catholica
1617 2043 1867 2102 Ecclesia
1896 2044 2067 2126 longo
2091 2067 2186 2105 se-

77 2133 343 2192 culorum
365 2132 607 2193 decursu
634 2135 799 2193 unice
822 2147 998 2216 atque
1034 2134 1323 2196 exclusive
1352 2136 1694 2198 obtinuerit.

83 2364 422 2414 Catholicorum
440 2369 611 2430 nuptiis
630 2367 904 2415 adsistebant
929 2385 983 2415 ac
1003 2366 1085 2416 be-

82 2447 355 2494 nedicebant
371 2484 384 2502 ,
415 2463 472 2495 ex
493 2449 833 2512 dispensatione
859 2449 1092 2497 Romano-

87 2545 189 2575 rum
209 2527 489 2577 Pontificum
517 2548 663 2594 usque
678 2532 735 2577 ad
753 2529 854 2578 haec
884 2542 1090 2595 tempora

87 2621 319 2674 receptum
366 2627 492 2668 esse,
530 2621 584 2658 ut
621 2614 718 2659 sine
762 2612 896 2659 hisce
933 2613 1095 2660 ritibus

86 2691 444 2739 celebrarentur.
474 2691 582 2738 Pius
603 2708 684 2739 vm
704 2729 717 2749 ‚
747 2694 797 2739 in
824 2691 977 2739 Brevi
992 2693 1097 2741 dato
1128 2732 1131 2737 .

85 2772 159 2820 die
188 2771 251 2821 25
287 2773 424 2821 Mart.
463 2771 587 2821 1830
621 2774 677 2820 ad
696 2774 1096 2839 Archiepiscopum

84 2853 250 2902 Colon.
281 2865 326 2903 et
356 2855 604 2920 Episcopos
633 2855 948 2904 Trev1rensem
967 2894 980 2917 ‚
1013 2856 1099 2905 Pa-

85 2934 442 2984 derbornensem
488 2937 954 2987 etMonasteriensem
978 2975 990 2996 ‚
1021 2940 1101 2987 de-

91 3017 232 3064 clarat
260 3018 406 3066 valida
424 3021 636 3084 conjugia
665 3022 804 3067 mixta
826 3057 839 3080 ,
859 3036 961 3086 qnae
982 3021 1099 3071 sorte

89 3099 140 3143 in
164 3097 252 3145 illis
277 3101 539 3164 regionibus
553 3102 879 3150 contrahantur
896 3106 996 3151 sine
1012 3102 1098 3152 Pa-

91 3179 215 3226 rochi
250 3186 488 3244 praeseutis
508 3221 521 3242 ‚
555 3184 730 3233 collatis
762 3187 813 3231 in
849 3202 951 3233 eam
995 3203 1097 3235 rem

90 3265 360 3324 opportunis
419 3264 732 3313 facultatibus.
801 3264 901 3314 Alia
954 3267 1098 3316 docu-

92 3354 248 3392 menta
263 3345 473 3394 exhibere
490 3350 798 3412 praetermitto.
817 3348 956 3398 Porro
976 3367 1099 3398 nun-

91 3442 229 3490 quam
271 3443 398 3473 mens
432 3427 641 3478 Ecclesiae
673 3440 753 3478 aut
784 3429 918 3478 Rom.
946 3430 1102 3481 Ponti-

92 3505 257 3554 ficibus
274 3507 361 3554 fuit
382 3545 395 3567 ‚
417 3517 469 3555 ut
489 3519 556 3558 tot
569 3509 737 3559 Christi
753 3511 908 3560 fideles
928 3515 1103 3563 inirent

90 3597 379 3636 contractum
420 3606 544 3638 mere
588 3592 768 3641 civilem
809 3593 981 3661 absque
1027 3595 1105 3646 Ss-

90 3680 338 3720 eramento.

1235 2369 1298 2433 (l)
1315 2368 1386 2418 De
1399 2379 1501 2418 ant.
1517 2370 1652 2418 Eccl.
1667 2372 1803 2422 ritib.
1839 2374 1922 2421 lib.
1941 2391 1976 2436 1,
2000 2387 2117 2440 part,
2137 2395 2190 2438 ιι,

1170 2467 1257 2514 cap
1278 2468 1329 2517 9,
1349 2464 1433 2501 art.
1457 2455 1486 2502 3
1510 2491 1521 2510 ,
1549 2453 1640 2519 §6,
1660 2456 1739 2502 ubi
1769 2458 1889 2504 inter
1914 2468 2059 2506 cetera
2084 2462 2194 2507 scri-

1171 2532 1243 2578 bit
1269 2549 1283 2578 :
1320 2532 1512 2580 Deinde
1539 2534 1663 2581 datis
1692 2535 1790 2583 sibi
1817 2547 1983 2586 rnutuo
2013 2539 2195 2589 dextris

1173 2613 1423 2680 exiqebat(
1440 2613 1674 2679 Sacerdos)
1697 2618 1756 2664 ab
1775 2621 1986 2684 utrisque
1999 2637 2195 2670 consen-

1176 2710 1282 2740 sum
1304 2732 1316 2754 ‚
1341 2696 1397 2742 in
1411 2713 1502 2759 quo
1522 2705 1665 2744 totam
1695 2695 2194 2754 sacramenti-Matri-

1176 2779 1334 2824 monii
1373 2781 1630 2827 essentiam
1658 2782 1944 2846 reponebant
1979 2787 2191 2850 antiqui.

1177 2855 1417 2906 Inaudica
1451 2863 1625 2927 quippe
1664 2864 1797 2928 apted
1824 2881 1900 2912 eos
1938 2875 2075 2914 erant
2109 2867 2193 2915 illa

1177 2939 1317 2988 verba
1335 2942 1539 3006 parochi
1558 2961 1571 2990 ε
1592 2941 1695 3008 qu
1716 2961 1796 2993 eos
1821 2949 2076 3012 conjunqo,
2100 2955 2190 2996 etc.

1175 3022 1229 3072 in
1244 3023 1418 3086 quibus
1447 3023 1604 3088 aliqui
1617 3042 1675 3072 ex
1687 3029 2028 3075 recentioribus
2066 3028 2197 3075 scho-

1178 3102 1337 3150 laticis
1357 3103 1565 3167 for-mam
1579 3105 1724 3171 hujus
1756 3105 2064 3156 Sacramenti
2083 3124 2196 3156 con-

1176 3186 1406 3244 stimant,
1426 3202 1538 3251 quoe,
1553 3196 1710 3235 tamen
1728 3187 2080 3248 desiderantur,
2101 3199 2193 3239 etc.

1247 3267 1312 3328 (2)
1350 3268 1448 3316 Cfr.
1465 3265 1598 3317 Sotus
1619 3272 1668 3317 in
1687 3267 1730 3332 4.
1748 3271 1855 3317 dist.
1890 3268 1956 3319 26
1976 3308 1989 3330 ‚
2026 3282 2110 3321 art.
2128 3271 2158 3320 3
2177 3308 2190 3320 .

1248 3347 1317 3414 (3)
1353 3349 1473 3399 Sane
1488 3353 1670 3399 nonnisi
1686 3351 1714 3397 d
1721 3367 1801 3399 uos
1814 3367 1872 3399 ex
1891 3362 1981 3400 tota
1997 3355 2197 3419 antiqui-

1180 3440 1270 3480 tate
1299 3432 1485 3482 laudare
1528 3435 1674 3497 potuit
1695 3431 1950 3498 Theologos
1971 3433 2197 3483 melchior

1183 3513 1338 3563 Canus
1391 3532 1473 3580 pro
1520 3532 1600 3562 sua
1662 3517 1883 3564 sententia
1923 3551 1940 3574 ,
2006 3515 2196 3567 Guillel-

1185 3613 1316 3645 mum
1380 3612 1548 3661 nempe
1607 3594 1907 3648 Parisiensem
1953 3608 2000 3649 et
2057 3599 2196 3647 Palu-

1187 3678 1395 3741 danum3
1428 3692 1595 3742 porte,
1614 3677 1822 3730 adductis
1845 3681 2047 3747 ipsorum
2072 3681 2197 3731 testi-
