2612 4146
374 179 454 239 94

1086 197 1413 239 'rnAcTA‘rus
1454 202 1524 241 ΒΕ
1566 199 1796 241 Onnum.

372 345 524 405 facto
557 344 685 427 ipso
726 340 1140 425 Apostolorum
1182 350 1314 399 tum
1359 362 1432 401 ex
1469 346 1761 405 constanti
1801 344 2062 408 Ecclesiae
2100 351 2309 430 praxi,
2347 374 2505 411 nun-

373 462 551 525 quam
578 440 717 499 alios
734 484 750 511 a
779 458 959 519 quam
982 436 1057 496 ad
1084 435 1147 495 id
1181 436 1483 497 ordinatos
1504 484 1521 514 ,
1554 439 1973 503 Eucharistiam
2003 444 2314 507 confecisse
2335 493 2353 524 ,
2379 449 2506 510 evi-

372 537 584 598 denter
600 544 859 609 constat‚
883 532 1184 615 Apostolos
1198 533 1260 592 in
1277 532 1376 594 illa
1403 534 1631 596 actione
1650 557 1772 596 non
1795 560 2011 599 omnes.
2020 542 2347 623 promiscue
2370 544 2506 604 fide-

369 632 455 694 les
472 678 488 708 ,
515 630 619 691 sed
643 628 794 689 solos
821 630 885 688 in
915 629 1026 689 sibi
1058 628 1270 689 collato
1292 629 1626 690 Sacerdotio
1654 652 2005 696 successores
2033 649 2504 719 repraesentasse.

371 730 575 810 Neque
598 725 794 786 obstat
814 771 830 795 .,
857 725 1018 808 quod
1043 726 1220 786 etiam
1245 725 1445 787 fideles
1469 725 1726 787 debeant
1752 728 1967 790 Christi
1991 733 2321 814 passionem
2344 756 2506 795 com-

369 843 738 896 memoraret,
798 820 910 881 alia
947 822 1109 882 enim
1152 822 1215 882 in
1257 844 1326 884 ea
1365 843 1431 883 re
1475 823 1858 884 Sacerdotum
1878 870 1896 901 ,
1940 825 2053 886 alia
2105 828 2369 890 fidelium
2419 843 2509 892 est

369 919 553 994 rati03
597 917 886 1002 siquidem
914 917 1274 979 fideleslaici
1297 930 1766 981 commemorant
1788 921 2120 1004 passionem
2145 924 2364 986 Christi
2398 928 2508 987 Eu-

370 1014 708 1076 charistiam
745 1013 1071 1090 sumend0.,
1110 1014 1451 1076 Sacerdotes
1494 1037 1634 1077 vero
1677 1038 1807 1076 eam
1845 1033 2316 1080 commemorant
2354 1044 2509 1105 prae-

369 1123 529 1172 terea
558 1111 924 1172 conficiendo
962 1110 1070 1192 (1).

452 1207 555 1269 45.
605 1207 693 1269 Ad
721 1211 843 1288 2¹1²,
885 1209 1044 1268 Dist.
1073 1207 1276 1269 Patres
1311 1206 1585 1268 tribuunt
1620 1207 1889 1270 fidelibus
1929 1209 2203 1270 omnibus
2239 1213 2512 1274 Sacerdo-

369 1305 520 1365 tium
549 1309 892 1375 internmn,
927 1302 1002 1364 de
1025 1326 1142 1387 quo
1169 1304 1346 1387 paulo
1381 1317 1521 1366 ante
1559 1304 1846 1382 diximus,
1875 1328 2069 1377 eone.,·
2105 1319 2415 1369 externum
2452 1322 2514 1371 et

367 1402 606 1485 proprie
639 1401 865 1461 dictum
885 1446 903 1477 ,
929 1423 1062 1482 neq.
1094 1401 1414 1475 Quodnam
1443 1413 1642 1463 autem
1671 1403 1747 1462 sit
1778 1404 2199 1464 Sacerdotium
2233 1407 2411 1479 laici,
2437 1406 2512 1467 de

370 1519 487 1582 quo
531 1497 794 1581 loquitur
828 1498 889 1558 S.
929 1499 1360 1580 HieronymuS‚
1403 1498 1544 1559 alias
1591 1500 1966 1581 exposuimus
2001 1500 2127 1582 (2);
2169 1522 2386 1584 nempe
2437 1502 2512 1563 de

303 1598 307 1603 ’
370 1593 701 1656 Sacerdotio
724 1595 873 1676 agit,
913 1593 1071 1676 quod
1109 1595 1168 1655 vi
1205 1595 1489 1678 Baptismi
1522 1594 1723 1656 fideles
1764 1607 2206 1679 consequuntur
2228 1640 2245 1673 ‚
2294 1597 2514 1658 scilicet

370 1690 675 1773 spirituale
700 1712 767 1751 ac
799 1691 1138 1772 mysticum.

453 1787 553 1847 46.
606 1787 694 1848 Ad
736 1787 818 1847 3¹²¹
839 1832 855 1863 ,
893 1787 1045 1869 Neq.
1075 1787 1248 1848 Plura
1277 1789 1440 1850 enim
1482 1799 1624 1847 sunt
1643 1833 1661 1864 ,
1698 1809 1826 1871 quae
1850 1788 2283 1849 Tertullianum
2313 1788 2388 1850 de
2417 1792 2514 1850 Sa-

371 1882 630 1943 cerdotio
663 1883 912 1943 sensisse
936 1885 1221 1944 evincunt
1240 1929 1256 1959 ‚
1290 1882 1450 1967 quod
1487 1884 1664 1945 ceteri
1699 1885 1899 1945 Patres
1927 1907 2063 1945 cum
2091 1886 2365 1947 universa
2398 1888 2514 1946 Ec-

371 1979 542 2040 clesia
564 2002 819 2041 sensere.
861 1983 929 2039 In
953 1980 1077 2063 ipso
1099 1981 1261 2040 enim
1296 1979 1524 2059 obJecto
1548 1979 1675 2040 loco
1698 1981 1907 2063 saepius
1931 1982 2190 2061 agnoscit
2210 2028 2226 2058 ·›
2247 1982 2513 2062 ejusdem

371 2080 598 2157 generis
622 2098 781 2136 nunc
805 2075 966 2159 apud
988 2098 1093 2135 nos
1110 2121 1127 2153 ‚
1152 2098 1218 2136 ac
1245 2075 1387 2136 olim
1406 2077 1583 2137 fuerit
1604 2076 1761 2159 apud
1784 2076 2057 2137 Hebraeos
2074 2123 2091 2154 ,
2115 2077 2513 2138 Sacerdotium

370 2174 648 2255 reperiri,
709 2194 918 2233 verum
962 2159 1179 2253 nempe
1221 2182 1282 2232 et
1334 2183 1650 2233 externum
1696 2172 1808 2251 (3).
1866 2175 1933 2232 ln
1977 2172 2131 2232 libro
2175 2184 2376 2233 autem
2419 2174 2511 2231 De

360 2269 937 2349 proeserzptionibus
973 2269 1396 2328 haereticorum
1438 2266 1569 2328 ideo
1613 2288 1821 2328 eorum
1863 2267 2280 2329 Ordinationes
2316 2280 2511 2329 teme-

371 2364 551 2424 rarias
569 2410 585 2439 .,
620 2364 779 2426 leves
808 2375 867 2424 et
893 2364 1297 2424 inconstantes
1326 2362 1560 2424 dicebat
1581 2408 1597 2439 ‚
1626 2364 1764 2446 quia
1792 2363 1952 2447 apud
1987 2363 2118 2423 illos
2149 2366 2313 2426 alius
2341 2365 2511 2424 hodie

370 2460 739 2542 Episcopus,
774 2482 913 2521 oras
950 2463 1113 2519 alius
1130 2485 1155 2534 ,-
1196 2461 1367 2519 hodie
1408 2462 1752 2530 Diaconus,
1788 2464 1904 2540 qui
1931 2481 2071 2520 cras
2102 2466 2306 2530 leotor;
2341 2461 2512 2520 hodie

372 2559 720 2638 Presbyter,
753 2562 868 2638 qui
891 2579 1029 2617 cras
1054 2559 1249 2616 laicus
1272 2556 1384 2636 (4).
1415 2558 1487 2616 At
1510 2557 1556 2615 si
1576 2577 1783 2616 omnes
1804 2555 2316 2617 indiscriminatim
2348 2557 2518 2617 Chri·

445 2803 512 2868 (1)
549 2803 645 2853 Cfr.
678 2801 834 2852 Petav.
872 2800 1102 2853 Diatriba
1143 2802 1200 2850 de
1229 2810 1406 2868 potest.
1488 2802 1716 2851 ficultates
1734 2804 1928 2851 minoris
1943 2804 2168 2851 momenti
2183 2800 2505 2862 cfr.Petavius‚

374 2884 716 2946 consecrandi,
745 2902 848 2950 cap.
874 2900 923 2933 2.

445 2970 510 3034 (2)
548 2970 607 3018 In
633 2968 788 3017 Tract.
813 2966 873 3015 de
906 2965 958 3014 E
960 2964 1131 3015 uehar.
1157 2983 1210 3016 n.
1235 2964 1337 3033 369
1358 2976 1405 3014 et

378 3070 507 3120 seqq.
555 3051 639 3100 ubi
684 3050 770 3099 alia
822 3058 1038 3115 praeterea
1085 3048 1359 3098 refelluntur
1383 3087 1397 3109 ‚

378 3151 482 3203 quae
523 3135 619 3183 hnc
670 3143 871 3198 spectare
923 3142 1131 3197 possunt.
1179 3130 1404 3180 Consulto

378 3220 545 3276 omisi,
572 3234 673 3283 quae
698 3233 752 3264 ex
778 3218 890 3264 actis
914 3213 964 3263 S.
986 3213 1246 3263 Petronillae
1263 3214 1405 3281 objici

379 3302 556 3360 solent,
592 3301 725 3367 quasi
746 3301 844 3364 ipsa
868 3300 1198 3347 consecraverit
1223 3297 1407 3345 Eucha-

379 3386 580 3434 ristiam.
596 3383 780 3433 Etenim
800 3392 943 3432 totam
959 3381 1082 3430 hanc
1095 3383 1407 3430 narrationem

380 3465 639 3514 fabulosam
663 3484 759 3516 esse
795 3463 995 3514 ostendit
1018 3462 1247 3512 Henricus
1276 3461 1407 3511 Dod-

381 3547 572 3609 wellus,
610 3544 818 3597 Discere.
842 3547 899 3596 de
918 3548 1032 3610 jure
1064 3544 1299 3594 laicorum
1327 3561 1407 3592 sa-

382 3628 611 3679 cerdotali
658 3639 703 3678 et
764 3631 1001 3678 sementia
1065 3626 1362 3677 Tertulliani
1388 3665 1403 3687 ‚

384 3728 488 3779 cap.
514 3710 545 3762 5
567 3749 582 3773 ‚
605 3729 708 3777 pag.
739 3711 855 3760 312.
885 3711 1049 3777 Quoad
1085 3711 1286 3778 reliquas
1316 3709 1409 3758 dif-

1486 2881 1716 2934 Diatriba
1738 2889 1817 2934 cit.
1837 2903 1942 2951 cap.
1965 2886 2013 2935 3.

1552 2966 1623 3031 (3)
1650 2965 1774 3016 Ibid.
1789 2984 1893 3033 cap.
1915 2984 1963 3034 7,
1977 2967 2123 3017 etlib.
2141 2965 2215 3018 De
2230 2966 2506 3035 Baptismo‚

1484 3066 1588 3115 cap.
1631 3049 1708 3099 13.

1552 3132 1624 3194 (4)
1663 3130 1776 3197 Cap.
1813 3132 1900 3195 41.
1927 3130 2077 3197 Quam
2119 3132 2239 3182 hene
2266 3134 2363 3183 haec
2397 3134 2512 3184 Ter-

1487 3213 1669 3263 tulliani
1707 3214 2000 3280 exprobratio
2046 3217 2096 3263 in
2128 3216 2364 3267 haereticos
2401 3235 2509 3283 pro·

1488 3308 1702 3348 testantes
1731 3298 1959 3364 quadrat!
1992 3297 2111 3347 Nam
2135 3309 2178 3347 et
2192 3302 2279 3365 ipsi
2312 3317 2408 3348 non
2439 3317 2511 3348 so-

1489 3380 1589 3429 lum
1605 3380 1728 3429 hanc
1739 3382 2099 3429 inconstantiam
2119 3379 2326 3447 produnt
2347 3385 2398 3430 in
2416 3384 2509 3429 suis

1491 3463 1715 3511 ministris
1732 3498 1746 3522 ‚
1774 3460 1852 3511 sed
1884 3472 2094 3527 praeterea
2113 3470 2157 3511 et
2183 3461 2327 3511 laicis
2348 3477 2508 3510 sacer-

1489 3543 1668 3592 dotalia
1701 3545 1875 3592 mum'a
1909 3545 2194 3610 injunqunt.
2228 3544 2291 3593 Ut
2324 3544 2383 3592 de
2415 3544 2508 3592 hae-

1490 3629 1641 3676 reticis
1685 3629 1756 3675 sui
1782 3630 2001 3694 temporis
2047 3628 2312 3677 immediate
2352 3625 2510 3675 subdit

1492 3708 1823 3760 Tertullianus.
