2508 4120
326 117 446 176 226

955 131 1283 181 'TnathATUS
1327 130 1396 167 DE
1440 129 1812 173 uamfflomo.

328 276 743 340 animadvertit
770 271 1114 332 Benedictus
1151 273 1279 330 XIV
1321 272 1433 351 (l).
1475 272 1533 330 Si
1563 294 1677 354 qua
1706 284 1903 332 autem
1939 279 2264 356 profanatio
2289 280 2444 343 inest

325 373 389 432 in
428 371 689 431 fidelium
736 368 1050 446 conjugiis,
1098 389 1162 451 ea
1202 389 1324 426 non
1366 388 1397 425 a
1440 368 1718 447 conjugiis
1765 369 1942 450 ipsiS‚
1996 392 2122 452 quae
2150 396 2182 434 a
2214 375 2460 435 Christo*

328 465 550 526 elevata
600 476 739 524 sunt
781 463 857 522 ad
897 463 1242 542 dignitatem
1285 464 1680 538 Sacramenti,
1728 465 1914 546 repeti
1963 465 2172 544 debet,
2227 472 2329 532 sed
2374 493 2445 530 ex

327 561 805 623 contrahentium
839 559 1000 618 vitio,
1028 559 1119 618 Sic
1152 580 1327 618 nemo
1354 560 1586 638 ignorat
1605 605 1621 631 ,
1652 571 1829 618 nutus
1850 561 2149 621 interdum
2179 566 2450 647 supplere

327 658 507 722 verba
554 659 617 716 in
664 665 1070 715 contractuum
1113 654 1537 730 celebratione,
1592 656 1736 736 quin
1785 656 1961 716 etiam
2005 669 2338 718 contractus
2364 663 2451 720 in-

326 768 419 816 ter
442 754 711 814 absentes
730 772 836 834 per
858 750 999 809 alios
1022 751 1149 810 fieri
1173 772 1359 830 posse.
1397 753 1551 808 Dum
1575 772 1714 810 vero
1739 750 1935 811 fideles
1960 754 2196 834 nuptias
2223 754 2449 830 ineunt,

323 850 646 911 intendunt
681 847 1027 907 contrahere
1070 847 1514 905 Matrimonium
1549 846 1625 905 ad
1669 846 1932 907 Ecclesiae
1975 861 2278 923 mentem3
2329 851 2452 911 haec

326 959 522 1007 autem
544 946 799 1004 intentio
824 943 1037 1002 sufficit
1063 942 1137 1000 ad
1160 943 1605 1002 Sacramentum
1633 942 2023 1002 efficiendum.
2057 945 2226 1017 Quod
2254 958 2453 1006 autem

325 1043 539 1103 attinet
571 1041 648 1101 ad
678 1040 1044 1113 sanationem
1076 1038 1479 1117 conjugiorum
1506 1043 1573 1097 in
1612 1040 1855 1110 radice,
1897 1037 2119 1119 nullam
2152 1052 2309 1100 creat
2336 1041 2452 1101 dif-

327 1139 679 1211 ficultatem3
718 1135 1008 1218 siquidem
1038 1133 1323 1211 ejusmodi
1350 1135 1575 1192 sanatio
1608 1157 1730 1192 non
1760 1136 1953 1192 minus
1985 1135 2218 1217 impetit
2248 1137 2453 1195 Sacra-

327 1245 599 1294 mentum
636 1253 815 1314 quam
854 1241 1221 1289 contractum
1244 1275 1259 1304 .,
1300 1239 1359 1288 et
1381 1230 1644 1288 consistit
1678 1231 1740 1288 in
1776 1231 2029 1312 quadam
2053 1276 2068 1304 a
2105 1243 2172 1289 ut
2207 1231 2450 1308 dicitur,

323 1331 554 1390 fictione
582 1328 729 1408 juris
754 1373 769 1399 .,
809 1349 923 1408 qua
954 1325 1293 1408 praesumpti
1331 1330 1636 1406 conjugeS.
1685 1327 1792 1385 etsi
1833 1337 2161 1386 contractus
2196 1349 2295 1386 seu
2343 1330 2450 1388 Sa·-

327 1437 697 1486 cramentum
722 1422 951 1481 nullum
983 1422 1156 1481 fuerit
1177 1467 1192 1497 7
1232 1433 1532 1480 tamenut
1564 1421 1806 1480 ulterius
1843 1422 2064 1480 malum
2101 1423 2319 1484 vitetur
2340 1469 2355 1498 .,
2392 1425 2455 1482 in

328 1521 485 1581 bona
521 1521 638 1579 fide
679 1519 1097 1599 relinquuntur
1138 1518 1248 1598 (2).
1294 1520 1410 1576 Nec
1443 1506 1651 1576 melius
1695 1516 1935 1576 demum
1971 1539 2201 1576 causam
2243 1518 2456 1581 adver-

332 1618 616 1676 sariorum
646 1619 861 1694 juvant
895 1612 1132 1671 dissidia
1159 1612 1585 1694 Theologorum
1608 1657 1623 1687 ‚
1665 1633 1791 1693 quae
1819 1634 1928 1672 nec
1959 1624 2048 1672 tot
2079 1615 2319 1674 fortasse
2347 1636 2456 1675 nec

330 1723 495 1772 tanta
518 1723 680 1786 sunt,
707 1721 849 1792 quot
869 1729 1248 1791 quaecumque
1266 1706 1339 1766 ab
1357 1709 1495 1790 ipsis
1518 1719 1958 1788 exaggerantur,
1988 1730 2230 1790 quaeque
2244 1710 2290 1767 si
2314 1709 2457 1791 quid

333 1809 634 1867 officerent
670 1806 902 1867 veritati
937 1805 1295 1863 Sacramenti
1316 1850 1331 1877 ,
1375 1805 1474 1863 vix
1507 1804 1694 1863 ullum
1728 1807 2170 1865 Sacramentum
2199 1805 2453 1866 habere-

335 1923 486 1961 mus‚
530 1903 614 1960 lta
646 1900 885 1982 quidem
916 1899 1182 1958 secundae
1217 1900 1523 1958 sententiae
1547 1900 1801 1981 patroni.

418 1998 519 2056 45.
570 1999 711 2070 Quae
740 2017 874 2054 cum
898 1996 979 2054 ita
995 2017 1055 2054 se
1076 1994 1336 2054 habeant
1353 2040 1369 2071 ‚
1389 1995 1434 2053 si
1463 1995 1595 2076 quis
1617 2017 1706 2070 ea,
1734 2017 1863 2078 quae
1885 1997 2188 2057 attulimus
2212 2044 2228 2073 ,
2260 2007 2458 2058 mente

336 2094 665 2175 anticipatis
703 2091 935 2169 judiciis
979 2112 1158 2149 vacua
1203 2090 1572 2172 perpendat,
1617 2092 1864 2150 alteram
1910 2092 2063 2151 hanc
2103 2095 2459 2153 sententiam

337 2188 510 2268 longe
532 2186 908 2248 validioribus
925 2184 1163 2267 probari
1186 2186 1541 2264 argumentis
1572 2208 1749 2267 quam
1775 2188 2034 2268 priorem
2063 2187 2226 2246 illam
2249 2234 2263 2261 .,
2297 2187 2461 2247 facile

331 2283 702 2364 judicaverit.
751 2284 1145 2362 Praeterquam
1196 2279 1352 2361 quod
1389 2281 1547 2339 enim
1585 2283 1870 2362 posterior
1905 2282 2033 2342 haec
2072 2285 2362 2342 sententia
2405 2293 2466 2342 et

341 2379 691 2460 antiquitate
724 2388 784 2436 et
810 2375 1247 2437 universalitate
1288 2375 1456 2436 alteri
1494 2388 1731 2458 praestat
1752 2376 1841 2457 (3)
1862 2423 1877 2451 a
1915 2377 2018 2437 illo
2058 2390 2214 2438 caret
2237 2379 2465 2458 gravis-

413 2570 480 2634 (l)
522 2568 598 2618 De
624 2568 848 2634 Synodo,
876 2569 964 2620 lib.
998 2584 1061 2616 vu
1087 2602 1103 2628 ,
1138 2585 1244 2632 cap.
1296 2583 1357 2632 27

1510 2567 1579 2632 (3)
1617 2567 1838 2633 Quamvis
1860 2587 1955 2617 non
1987 2573 2118 2635 pauci
2149 2571 2465 2636 Theologiad-

348 2663 498 2718 etseq.
516 2652 612 2700 Nee
637 2654 947 2700 omittendum
970 2688 983 2709 ‚
1010 2651 1221 2717 Synodos
1242 2666 1364 2716 ‚quae
1444 2651 1656 2699 haeserint
1691 2651 1808 2700 Cani
1853 2657 2091 2700 sententiae
2109 2690 2122 2712 ‚
2150 2654 2283 2716 longe
2312 2654 2464 2717 plures

349 2738 411 2784 ita
424 2736 587 2784 locutae
608 2744 716 2783 sunt
738 2771 751 2794 ‚
786 2734 1038 2782 celebratas
1068 2751 1163 2781 esse
1196 2771 1209 2792 ‚
1242 2742 1365 2797 post-

348 2835 490 2884 quam
517 2817 672 2866 Ganus
689 2833 769 2864 sua
789 2815 996 2864 ediderat
1012 2818 1364 2863 commentaria.

419 2901 486 2965 (2)
525 2899 612 2948 Hie
639 2910 853 2965 praeterea
892 2898 1132 2946 observare
1161 2900 1331 2963 juverit
1351 2935 1364 2956 ‚

349 2983 473 3031 hanc
498 2982 817 3031 difficultatem
832 3018 847 3038 ,
867 2983 905 3029 si
935 2998 1024 3046 qua
1043 2989 1136 3039 est,
1170 2996 1264 3027 non
1282 2981 1369 3026 mi-

351 3085 441 3115 nus
467 3083 627 3131 urgere
653 3102 667 3125 ‚
697 3067 792 3112 imo
828 3066 1003 3128 magis,
1038 3063 1234 3111 adversae
1268 3079 1369 3127 par-

353 3153 409 3197 tis
442 3148 695 3212 Theologos
725 3164 739 3211 3
764 3164 872 3195 cum
905 3148 1029 3194 enim
1062 3143 1244 3193 nullum
1270 3145 1369 3193 fue-

352 3233 412 3278 rit
436 3229 789 3279 Sacramentum
813 3229 873 3277 ob
894 3228 1284 3292 impedimentum
1305 3227 1371 3274 di·

356 3315 528 3361 timens
552 3351 565 3372 ‚
591 3313 717 3379 quod
744 3314 794 3360 in
836 3311 937 3376 ejus
978 3309 1370 3358 administratione

356 3395 634 3454 intercessit,
670 3412 789 3442 nova
827 3409 943 3457 opus
971 3401 1086 3440 esset
1113 3390 1370 3439 Sacerdotis

356 3473 714 3535 benedictione,
761 3487 811 3524 ut
843 3473 1189 3523 Sacramentum
1226 3472 1372 3520 valide

356 3553 754 3606 administraretur
774 3576 788 3624 3
806 3569 1005 3608 attamen
1021 3573 1261 3622 uunquam
1277 3555 1372 3603 haec

343 3641 618 3705 requiritur.

1449 2743 1606 2780 tamen
1633 2735 1872 2797 antiquam
1895 2737 2175 2781 sententiam
2200 2750 2464 2798 propugna-

1446 2823 1597 2874 runt,
1642 2830 1757 2877 quos
1797 2824 2036 2861 recensent
2082 2813 2222 2862 Dom.
2261 2813 2370 2862 Soto
2413 2819 2464 2863 in

1447 2893 1531 2940 lib.
1563 2890 1596 2954 4
1627 2890 1765 2940 Sene.
1796 2893 1844 2940 d.
1875 2891 1939 2941 26
1959 2930 1972 2952 ‚
1999 2913 2048 2959 q.
2082 2909 2135 2952 2,
2168 2906 2254 2943 art.
2281 2897 2309 2944 3
2329 2896 2464 2958 3Bel-

1448 2974 1677 3022 larminus
1696 3010 1711 3036 ‚
1743 2974 1823 3022 De
1852 2975 2080 3025 Matrim.
2107 2994 2206 3041 cap.
2241 2996 2267 3045 7
2286 3013 2301 3039 ,
2329 2997 2379 3027 n.
2401 2978 2461 3043 83

1449 3056 1657 3122 Vasquez
1675 3094 1687 3117 ‚
1712 3053 1785 3105 De
1827 3057 2052 3106 Matr-im.
2088 3059 2207 3124 disp.
2238 3078 2289 3108 m
2309 3099 2321 3117 ‚
2344 3059 2461 3110 dub.

1451 3140 1517 3203 ὃς
1560 3140 1773 3206 Theoph.
1816 3141 2124 3207 Raynaudus,
2173 3147 2222 3192 in
2260 3143 2463 3192 Hetero-

1448 3222 1575 3270 clitis
1607 3221 1782 3298 Spirig.
1806 3235 1967 3288 punct.
2008 3223 2067 3288 14
2086 3264 2099 3286 ,
2121 3245 2229 3292 opp.
2254 3238 2348 3276 tom
2365 3241 2461 3290 xvi;

1451 3305 1553 3353 Van
1582 3306 1752 3371 Espen‚
1782 3306 1900 3355 Jur.
1934 3307 2093 3357 eccles.
2114 3312 2254 3358 univ.
2287 3321 2401 3359 tom.
2422 3328 2459 3371 1,

1452 3408 1499 3454 p.
1531 3406 1594 3450 ιι,
1627 3392 1701 3438 tit.
1740 3405 1796 3436 12
1820 3426 1833 3449 ‚
1855 3407 1955 3455 cap.
1979 3390 2008 3439 5
2027 3429 2040 3451 ‚
2071 3410 2119 3439 n.
2154 3389 2202 3455 4.
2231 3391 2365 3456 Quod
2390 3402 2460 3440 at-

1452 3476 1567 3520 tinet
1608 3473 1666 3521 ad
1708 3476 1979 3523 recentiores
2010 3509 2026 3535 ,
2079 3474 2149 3522 his
2186 3473 2285 3522 fere
2328 3477 2462 3523 annis

1450 3555 1603 3603 adhuc
1640 3572 1745 3603 eam
1796 3562 2143 3621 propugnarunt
2180 3555 2461 3605 Redactores

1453 3638 1614 3687 Theol.
1632 3638 2143 3706 Aschaffenburgenses:
2157 3637 2462 3688 Katholische
