2508 4120
2076 184 2188 243 159

505 211 628 251 CAP.
676 211 734 249 V.
783 213 851 248 DE
893 210 1177 249 GAELIBATU
1218 208 1566 249 EGGLESIAST.
1614 207 1738 246 ETG.

95 357 252 439 quod
269 354 558 415 caelibatus
589 374 708 435 prae
741 355 1006 434 conjugio
1029 353 1301 412 ministris
1321 397 1338 428 ‚
1368 352 1470 434 qui
1495 350 1752 411 Ecclesiae
1772 361 2052 431 praesunt,
2086 373 2187 432 po·

92 450 365 532 pulcrum
397 448 668 530 obsequia
699 459 758 507 et
786 449 1218 508 venerationem
1251 447 1550 519 conciliet3
1582 446 1806 527 ipsique
1839 446 2087 504 ministri
2118 446 2193 504 ad

93 548 466 605 Sacramenta
497 545 698 622 majori
735 543 1066 602 assiduitate
1109 542 1572 601 administranda
1609 552 1668 600 et
1691 540 1766 599 ad
1787 562 2108 623 pauperum
2129 562 2195 599 ac

92 642 459 700 infirmorum
499 662 696 699 curam
732 639 1042 719 gerendam
1081 638 1198 694 sint
1232 637 1547 717 paratiores
1569 680 1584 710 ,
1621 647 1689 694 ut
1720 637 2054 718 quotidiana
2094 659 2196 696 ex-

93 737 376 818 perientia
411 735 643 795 evincit.
673 737 900 793 Etenim
925 729 1244 791 Sacerdotis
1269 730 1581 788 Christiani
1609 753 1824 789 munus
1861 731 2011 790 nihil
2036 754 2197 790 mor-

95 831 211 889 tale
254 830 430 889 refert
461 875 476 903 ,
517 850 766 910 eumque
809 827 996 888 velut'
1026 826 1326 884 viventem
1373 823 1693 884 divinitatis
1731 827 2042 905 imaginem
2091 827 2198 886 ho-

95 924 351 983 minibus
389 924 646 984 exhibet.
690 925 838 983 Sane
866 966 883 996 ,
925 919 1086 979 effice
1129 918 1495 978 Sacerdotem
1539 919 1712 977 simul
1759 930 1818 979 et
1858 925 2195 1001 conjugem,

96 1022 265 1100 eique
289 1021 482 1079 mariti
508 1031 566 1079 et
589 1019 772 1101 patris
808 1037 1024 1076 nomen
1050 1013 1299 1093 adjunge
1317 1059 1333 1088 ‚
1372 1013 1539 1071 illum
1569 1013 1755 1072 veluti
1779 1036 1812 1074 e
1838 1015 1985 1075 coelo
2007 1017 2201 1076 detur-

93 1114 282 1188 basti
324 1137 431 1174 nec
455 1115 796 1195 quidquam,
832 1110 989 1192 quod
1013 1108 1086 1168 ab
1124 1109 1250 1168 aliis
1288 1119 1550 1168 secernat
1586 1107 1946 1184 hominibus,
1976 1111 2038 1168 in
2077 1115 2199 1188 ejus

93 1209 358 1288 moribus
392 1221 452 1269 et
485 1211 604 1268 vita
639 1207 903 1265 invenies
941 1205 1050 1285 (1).
2245 1291 2247 1293 ι

178 1304 313 1363 173.
363 1306 472 1362 Per
498 1301 826 1362 caelibatum
857 1299 1110 1379 denique
1138 1298 1264 1357 illos
1296 1301 1585 1360 removeri
1609 1298 1832 1375 obiceS‚
1866 1300 1967 1381 qui
2008 1321 2201 1360 sacer-

95 1397 383 1457 dotalibus
411 1398 625 1455 muniis
666 1397 775 1454 rite
800 1393 1081 1454 obeundis
1127 1393 1190 1451 in
1218 1394 1499 1473 conjugali
1549 1406 1704 1453 statu
1735 1417 1911 1476 quam
1950 1397 2203 1454 maxime

95 1493 388 1552 obsistunt
411 1537 429 1567 .‚
460 1502 825 1572 compertum
848 1501 956 1548 est.
986 1490 1043 1548 Si
1067 1489 1193 1569 quis
1224 1490 1384 1548 enim
1400 1490 1659 1549 conferre
1684 1490 1824 1550 veli-t
1860 1490 2202 1551 clericorum

90 1599 150 1646 et
186 1591 619 1665 conjugatorum
652 1606 897 1643 munera
927 1595 987 1642 et
1010 1594 1232 1664 parteS,
1266 1583 1437 1661 hujus
1463 1585 1546 1643 rei
1578 1586 1885 1645 veritatem
1910 1587 2074 1645 nullo
2102 1608 2201 1647 ne-

93 1683 245 1760 gotio
289 1679 710 1761 deprehendet.
759 1681 1108 1757 Conjugatus
1151 1677 1310 1736 enim
1362 1681 1730 1738 oeconomicis
1776 1687 1836 1740 et
1875 1680 2204 1742 domesticis

91 1777 411 1834 innumeris
440 1797 622 1857 prope
657 1775 805 1834 curis
842 1773 1152 1832 obstrictus
1193 1784 1281 1832 est
1303 1818 1320 1847 .,
1357 1776 1611 1855 conjugis
1639 1787 1699 1834 et
1728 1775 2046 1836 liberorum
2076 1799 2204 1836 susa

93 1872 401 1929 tentationi
445 1869 751 1952 providere
797 1868 1006 1942 debet,
1048 1869 1293 1925 istorum
1338 1869 1689 1928 institutioni
1730 1892 1832 1929 seu
1872 1871 2203 1930 educationi

92 1967 458 2046 prospicere,
497 1967 705 2024 futurae
739 1965 998 2047 ipsorum
1037 1962 1177 2021 sorti
1208 1962 1546 2038 consulere,
1590 1963 1817 2046 aliaque
1855 1988 1976 2024 non
2021 1988 2202 2049 pauca

94 2147 132 2192 A
150 2145 440 2193 mstelodam.
460 2143 583 2209 1667
607 2183 621 2205 ‚
638 2156 754 2193 tom.
773 2161 848 2192 vu.
866 2144 1106 2192 Consentit

94 2228 231 2274 etiam
283 2228 331 2274 in
374 2228 493 2274 hanc
553 2229 971 2291 interpretationem
1013 2223 1103 2272 Ro-

1193 2141 1235 2189 le
1259 2145 1437 2190 verrait
1444 2144 1657 2208 preferer
1674 2161 1730 2191 sa
1744 2147 1932 2193 maison
1945 2147 1978 2194 ὰ
1992 2144 2170 2211 Ι’ό91ἱεε
2184 2184 2200 2208 ,

1193 2240 1248 2271 sa
1285 2223 1459 2287 semme
1489 2225 1520 2273 ὰ
1555 2227 1608 2272 la
1645 2226 1811 2274 beaute
1856 2230 2067 2293 toujours
2109 2245 2201 2275 an-

95 2308 345 2355 senmiiller
366 2345 378 2366 ‚
410 2310 490 2373 qui
516 2309 567 2355 in
603 2327 649 2357 v.
678 2308 740 2356 32
772 2307 929 2355 scribit
956 2324 969 2354 ε
1005 2305 1105 2352 Mi-

95 2405 187 2435 nus
214 2391 343 2436 enim
366 2406 595 2437 curarum
616 2389 754 2437 habet
772 2428 785 2448 ,
806 2391 893 2454 qui
909 2404 957 2436 se
976 2426 988 2447 ‚
1010 2404 1107 2435 non

97 2477 239 2517 totam
269 2470 519 2533 familiam
548 2480 719 2530 curam
750 2482 795 2520 et
825 2470 956 2519 affert
990 2470 1107 2517 illud

95 2550 298 2599 Terentii
350 2551 555 2617 Adelph.
601 2571 648 2600 v.
698 2549 758 2614 4,
803 2554 860 2600 13
908 2568 922 2598 ε
966 2550 1110 2598 Duxi

94 2649 290 2680 uxorem
308 2649 323 2696 3
342 2650 485 2696 quam
509 2633 584 2680 ibi
597 2633 839 2679 miseriam
854 2631 959 2679 vidi
967 2633 988 2678 ,Ι
1004 2633 1112 2678 nati

90 2713 193 2776 filii
207 2750 222 2772 ,
255 2713 356 2761 alia
386 2731 521 2763 cura.
538 2714 756 2762 Attamen
778 2724 879 2778 post
901 2714 1002 2761 haec
1023 2732 1107 2762 au·
1138 2736 1140 2740 ·

97 2816 174 2846 sus
194 2808 258 2845 est
271 2798 348 2845 hie
362 2798 638 2845 rationalista
656 2798 851 2844 inficiari
869 2833 882 2855 ‚
899 2812 1107 2862 unquam

101 2878 369 2944 Apostolum
404 2880 585 2928 dedisse
631 2879 688 2928 de
729 2881 985 2944 virginitate
1030 2889 1109 2928 aut

102 2962 311 3010 caelibatu
327 2962 568 3010 consilium
591 2997 606 3021 ‚
627 2963 736 3010 dum
766 2962 1010 3026 Apostolus
1035 2962 1106 3010 di·-

106 3043 166 3088 eit
193 3060 205 3088 ε
232 3043 502 3092 Concilium
529 3043 588 3092 do
610 3064 630 3101 ;
661 3061 747 3093 nec
785 3044 1016 3094 inficiatus
1042 3053 1109 3093 est

106 3120 346 3174 Calvinus.

178 3204 244 3268 (l)
278 3206 490 3271 Apposite
509 3219 665 3257 auctor
696 3209 874 3256 articuli
891 3208 980 3257 Da
992 3208 1107 3257 celi-

106 3286 187 3333 hat
214 3285 293 3333 des
311 3290 489 3352 preeres
518 3289 640 3337 dane
674 3289 737 3337 les
768 3292 1110 3339 circonstances

102 3373 345 3433 presentes
399 3372 451 3418 in
496 3389 593 3420 rem
637 3383 838 3421 nostram
899 3373 1053 3421 scribit
1096 3389 1113 3422 z

111 3449 229 3498 Ah!
262 3449 340 3497 s’il
362 3448 537 3499 m’etait
566 3456 746 3518 permis
778 3453 835 3500 de
854 3452 1021 3518 parler
1050 3455 1117 3504 ici

111 3530 297 3578 d'autre
317 3531 512 3596 lanqaqe
527 3549 616 3597 que
639 3534 765 3582 celui
783 3534 839 3582 de
861 3534 908 3582 la
922 3541 1108 3596 raison,

98 3615 155 3676 je
169 3615 371 3661 tracerai
390 3630 488 3661 aux
502 3630 627 3678 yeux
651 3615 710 3663 de
733 3625 836 3664 toas
850 3615 891 3664 le
908 3620 1114 3682 pertrait

115 3693 398 3761 d'unpretre
425 3695 606 3745 decenn
630 3701 787 3763 epona·
801 3707 843 3747 et
864 3700 995 3763 pere.
1028 3699 1111 3747 On

1193 2307 1363 2354 vienne
1401 2315 1446 2354 et
1485 2309 1697 2372 toujours
1732 2308 1945 2356 nouvelle
1989 2311 2076 2374 qui
2107 2309 2208 2357 doit

1193 2389 1392 2455 remplir
1421 2406 1506 2438 son
1534 2393 1670 2446 ame,
1706 2407 1777 2438 ses
1799 2409 1997 2457 propres
2025 2395 2200 2459 enfans

1194 2490 1258 2519 au
1278 2482 1508 2537 troupeau
1525 2473 1594 2520 de*
1613 2471 1978 2536 Jews-Christ,-
2003 2493 2065 2524 on
2094 2495 2204 2526 ver·

1194 2557 1292 2602 rait
1318 2554 1554 2618 l'eqoi‘sme
1570 2557 1650 2604 des
1672 2559 1930 2605 sentimens
1960 2559 2202 2624 vulqaires

1195 2634 1458 2699 remplacer
1481 2637 1605 2684 dans
1627 2654 1713 2685 son
1746 2655 1875 2686 coeur
1891 2647 2005 2688 cette
2025 2640 2207 2691 charite

1194 2716 1390 2765 ardente
1410 2719 1498 2781 qui
1521 2718 1561 2766 le
1576 2719 1770 2768 rendait
1795 2720 1993 2768 sensible
2010 2723 2040 2770 ὰ
2058 2731 2206 2773 tontes

1194 2796 1259 2846 les
1290 2798 1528 2849 douleurs.
1565 2799 1719 2863 Enfin
1763 2801 1805 2850 le
1852 2805 2088 2854 caractere
2139 2806 2208 2854 du

1186 2881 1346 2944 pretre
1371 2880 1582 2929 chretien
1598 2916 1615 2944 ,
1643 2900 1693 2931 ce
1719 2886 1953 2932 caractere
1982 2886 2203 2952 sublime,

1192 2962 1281 3025 qui
1316 2959 1475 3011 l'eleve
1517 2964 1775 3013 au-dessus
1809 2966 1865 3014 de
1893 2966 2205 3027 l'humanite,

1194 3047 1283 3111 qui
1312 3062 1432 3093 nous
1458 3046 1500 3094 le
1524 3053 1792 3114 represente
1823 3067 1999 3099 comme
2019 3052 2210 3116 l'imaqe

1200 3123 1391 3177 vivente
1429 3129 1486 3176 de
1519 3129 1566 3177 la
1604 3131 1829 3180 Divinite
1871 3149 1959 3179 sur
1982 3133 2028 3181 la
2054 3144 2205 3193 terre,

1198 3212 1346 3258 serait
1370 3212 1514 3277 effac&
1527 3229 1626 3277 par
1638 3230 1706 3261 un
1729 3215 1964 3262 caractere
1982 3215 2098 3281 plus
2113 3223 2208 3264 ter-

1199 3301 1343 3339 restre
1361 3330 1375 3351 ,
1415 3295 1570 3341 moins
1601 3295 1749 3343 releve
1767 3334 1779 3355 ‚
1803 3295 1923 3343 celui
1949 3297 2005 3345 de
2028 3297 2143 3365 pere
2166 3306 2210 3345 et

1200 3372 1425 3439 d'eponoe.
1453 3374 1540 3423 En
1572 3392 1642 3423 nn
1668 3384 1790 3436 mot,
1817 3375 1858 3423 le
1879 3380 2038 3441 pretre
2054 3396 2114 3427 ne
2133 3395 2206 3427 se-

1199 3457 1297 3503 rait
1315 3455 1430 3522 plus
1455 3458 1605 3521 qu’an
1621 3444 1803 3505 homme
1829 3458 2204 3512 ordinaire.Cf1-.

1198 3538 1422 3587 Annales
1474 3538 1530 3586 de
1561 3534 1863 3604 Philosophia
1894 3527 2168 3597 chretienne
2191 3576 2205 3595 ‚

1209 3627 1270 3667 1¹⁰
1322 3621 1469 3670 annee
1502 3656 1516 3680 ,
1564 3637 1658 3670 sec.
1708 3622 1817 3671 edit.
1855 3623 1982 3676 Paris
2041 3621 2163 3672 1833
2182 3655 2200 3683 ‚

1197 3719 1302 3768 pag.
1334 3703 1451 3769 293.
