<?xml version="1.0" encoding="UTF-8"?>
<!DOCTYPE html PUBLIC "-//W3C//DTD XHTML 1.0 Transitional//EN"
    "http://www.w3.org/TR/xhtml1/DTD/xhtml1-transitional.dtd">
<html xmlns="http://www.w3.org/1999/xhtml" xml:lang="en" lang="en">
 <head>
  <title>
</title>
<meta http-equiv="Content-Type" content="text/html;charset=utf-8" />
  <meta name='ocr-system' content='tesseract 3.04.00' />
  <meta name='ocr-capabilities' content='ocr_page ocr_carea ocr_par ocr_line ocrx_word'/>
</head>
<body>
  <div class='ocr_page' id='page_1' title='image "a603693807perruoft_0270.png"; bbox 0 0 2508 4120; ppageno 0'>
   <div class='ocr_carea' id='block_1_1' title="bbox 279 90 401 148">
    <p class='ocr_par' dir='ltr' id='par_1_1' title="bbox 279 90 401 148">
     <span class='ocr_line' id='line_1_1' title="bbox 279 90 401 148; baseline -0.008 0"><span class='ocrx_word' id='word_1_1' title='bbox 279 90 401 148; x_wconf 80' lang='lat'>262</span> 
     </span>
    </p>
   </div>
   <div class='ocr_carea' id='block_1_2' title="bbox 911 79 1766 142">
    <p class='ocr_par' dir='ltr' id='par_1_2' title="bbox 911 79 1766 142">
     <span class='ocr_line' id='line_1_2' title="bbox 911 79 1766 142; baseline -0.004 0"><span class='ocrx_word' id='word_1_2' title='bbox 911 100 1230 142; x_wconf 60' lang='lat' dir='ltr'>‘rnacu‘rus</span> <span class='ocrx_word' id='word_1_3' title='bbox 1274 100 1343 135; x_wconf 68' lang='lat' dir='ltr'>ms</span> <span class='ocrx_word' id='word_1_4' title='bbox 1387 79 1766 138; x_wconf 71' lang='lat' dir='ltr'>uunmmuo.</span> 
     </span>
    </p>
   </div>
   <div class='ocr_carea' id='block_1_3' title="bbox 284 239 2499 1671">
    <p class='ocr_par' dir='ltr' id='par_1_3' title="bbox 284 239 2499 613">
     <span class='ocr_line' id='line_1_3' title="bbox 284 239 2499 334; baseline -0.005 -21"><span class='ocrx_word' id='word_1_5' title='bbox 284 275 412 334; x_wconf 69' lang='lat' dir='ltr'>neq.</span> <span class='ocrx_word' id='word_1_6' title='bbox 443 247 733 329; x_wconf 86' lang='lat' dir='ltr'>Ejusmodi</span> <span class='ocrx_word' id='word_1_7' title='bbox 767 245 928 305; x_wconf 91' lang='lat' dir='ltr'>enim</span> <span class='ocrx_word' id='word_1_8' title='bbox 958 242 1237 322; x_wconf 81' lang='lat' dir='ltr'>Theologi</span> <span class='ocrx_word' id='word_1_9' title='bbox 1276 239 1602 323; x_wconf 81' lang='lat' dir='ltr'>proditores</span> <span class='ocrx_word' id='word_1_10' title='bbox 1634 241 1828 322; x_wconf 90' lang='lat' dir='ltr'>potius</span> <span class='ocrx_word' id='word_1_11' title='bbox 1864 248 2198 327; x_wconf 80' lang='lat' dir='ltr'>appellandi</span> <span class='ocrx_word' id='word_1_12' title='bbox 2236 260 2409 323; x_wconf 85' lang='lat' dir='ltr'>sunt7</span> <span class='ocrx_word' id='word_1_13' title='bbox 2495 290 2499 294; x_wconf 86' lang='lat'>.</span> 
     </span>
     <span class='ocr_line' id='line_1_4' title="bbox 289 337 2415 431; baseline 0 -25"><span class='ocrx_word' id='word_1_14' title='bbox 289 350 388 431; x_wconf 91' lang='lat' dir='ltr'>qui</span> <span class='ocrx_word' id='word_1_15' title='bbox 416 368 538 405; x_wconf 90' lang='lat' dir='ltr'>non</span> <span class='ocrx_word' id='word_1_16' title='bbox 570 353 854 403; x_wconf 85' lang='lat' dir='ltr'>verentur</span> <span class='ocrx_word' id='word_1_17' title='bbox 872 387 888 416; x_wconf 94' lang='lat'>7</span> <span class='ocrx_word' id='word_1_18' title='bbox 930 340 1208 400; x_wconf 87' lang='lat' dir='ltr'>adversus</span> <span class='ocrx_word' id='word_1_19' title='bbox 1235 337 1624 417; x_wconf 80' lang='lat' dir='ltr'>dogmaticam</span> <span class='ocrx_word' id='word_1_20' title='bbox 1651 337 1890 398; x_wconf 87' lang='lat' dir='ltr'>Concilii</span> <span class='ocrx_word' id='word_1_21' title='bbox 1926 342 2295 405; x_wconf 87' lang='lat' dir='ltr'>OEcnmenici</span> <span class='ocrx_word' id='word_1_22' title='bbox 2320 346 2415 404; x_wconf 83' lang='lat' dir='ltr'>de-</span> 
     </span>
     <span class='ocr_line' id='line_1_5' title="bbox 289 432 2416 522; baseline 0 -22"><span class='ocrx_word' id='word_1_23' title='bbox 289 441 619 502; x_wconf 88' lang='lat' dir='ltr'>finitionem</span> <span class='ocrx_word' id='word_1_24' title='bbox 638 485 654 514; x_wconf 95' lang='lat'>7</span> <span class='ocrx_word' id='word_1_25' title='bbox 690 435 1156 497; x_wconf 86' lang='lat' dir='ltr'>Protestantibus</span> <span class='ocrx_word' id='word_1_26' title='bbox 1188 455 1422 493; x_wconf 91' lang='lat' dir='ltr'>causam</span> <span class='ocrx_word' id='word_1_27' title='bbox 1450 432 1795 492; x_wconf 80' lang='lat' dir='ltr'>catholicam</span> <span class='ocrx_word' id='word_1_28' title='bbox 1821 436 2085 515; x_wconf 86' lang='lat' dir='ltr'>prodere.</span> <span class='ocrx_word' id='word_1_29' title='bbox 2114 441 2241 500; x_wconf 86' lang='lat' dir='ltr'>Heu</span> <span class='ocrx_word' id='word_1_30' title='bbox 2261 462 2416 522; x_wconf 84' lang='lat' dir='ltr'>saepe</span> 
     </span>
     <span class='ocr_line' id='line_1_6' title="bbox 285 529 2046 613; baseline -0.002 -18"><span class='ocrx_word' id='word_1_31' title='bbox 285 537 538 597; x_wconf 90' lang='lat' dir='ltr'>nimium</span> <span class='ocrx_word' id='word_1_32' title='bbox 563 534 639 594; x_wconf 89' lang='lat' dir='ltr'>ob</span> <span class='ocrx_word' id='word_1_33' title='bbox 666 533 952 613; x_wconf 86' lang='lat' dir='ltr'>ejusmodi</span> <span class='ocrx_word' id='word_1_34' title='bbox 983 532 1250 591; x_wconf 90' lang='lat' dir='ltr'>homines</span> <span class='ocrx_word' id='word_1_35' title='bbox 1285 550 1514 610; x_wconf 80' lang='lat' dir='ltr'>gemere</span> <span class='ocrx_word' id='word_1_36' title='bbox 1545 529 1789 589; x_wconf 80' lang='lat' dir='ltr'>Ecclesia</span> <span class='ocrx_word' id='word_1_37' title='bbox 1818 533 2046 592; x_wconf 82' lang='lat' dir='ltr'>debuit!</span> 
     </span>
    </p>

    <p class='ocr_par' dir='ltr' id='par_1_4' title="bbox 286 626 2437 1193">
     <span class='ocr_line' id='line_1_7' title="bbox 373 626 2422 710; baseline 0.001 -20"><span class='ocrx_word' id='word_1_38' title='bbox 373 632 511 690; x_wconf 89' lang='grc'><strong>118.</strong></span> <span class='ocrx_word' id='word_1_39' title='bbox 565 629 652 690; x_wconf 91' lang='lat' dir='ltr'>Ad</span> <span class='ocrx_word' id='word_1_40' title='bbox 686 630 806 704; x_wconf 62' lang='grc' dir='ltr'>ΒΦ,</span> <span class='ocrx_word' id='word_1_41' title='bbox 846 631 1020 710; x_wconf 89' lang='lat' dir='ltr'>Resp.</span> <span class='ocrx_word' id='word_1_42' title='bbox 1068 627 1154 687; x_wconf 90' lang='lat' dir='ltr'>Ab</span> <span class='ocrx_word' id='word_1_43' title='bbox 1192 627 1539 686; x_wconf 83' lang='lat' dir='ltr'>auctoritate</span> <span class='ocrx_word' id='word_1_44' title='bbox 1566 626 1806 702; x_wconf 89' lang='lat' dir='ltr'>divina7</span> <span class='ocrx_word' id='word_1_45' title='bbox 1834 649 1959 709; x_wconf 80' lang='lat' dir='ltr'>quae</span> <span class='ocrx_word' id='word_1_46' title='bbox 1999 630 2262 691; x_wconf 83' lang='lat' dir='ltr'>Ecclesiae</span> <span class='ocrx_word' id='word_1_47' title='bbox 2306 652 2422 693; x_wconf 88' lang='lat' dir='ltr'>suae</span> 
     </span>
     <span class='ocr_line' id='line_1_8' title="bbox 286 723 2427 804; baseline -0 -17"><span class='ocrx_word' id='word_1_48' title='bbox 286 727 442 787; x_wconf 88' lang='lat' dir='ltr'>hanc</span> <span class='ocrx_word' id='word_1_49' title='bbox 471 725 811 785; x_wconf 84' lang='lat' dir='ltr'>facultatem</span> <span class='ocrx_word' id='word_1_50' title='bbox 842 723 1327 800; x_wconf 81' lang='lat' dir='ltr'>communicavit,</span> <span class='ocrx_word' id='word_1_51' title='bbox 1364 743 1429 781; x_wconf 89' lang='lat' dir='ltr'>ac</span> <span class='ocrx_word' id='word_1_52' title='bbox 1467 723 1756 804; x_wconf 83' lang='lat' dir='ltr'>praecipue</span> <span class='ocrx_word' id='word_1_53' title='bbox 1799 725 2015 784; x_wconf 83' lang='lat' dir='ltr'>Christi</span> <span class='ocrx_word' id='word_1_54' title='bbox 2055 727 2275 786; x_wconf 89' lang='lat' dir='ltr'>Vicario</span> <span class='ocrx_word' id='word_1_55' title='bbox 2310 729 2427 786; x_wconf 86' lang='lat' dir='ltr'>Ro-</span> 
     </span>
     <span class='ocr_line' id='line_1_9' title="bbox 288 818 2437 905; baseline 0 -22"><span class='ocrx_word' id='word_1_56' title='bbox 288 845 467 883; x_wconf 91' lang='lat' dir='ltr'>mano</span> <span class='ocrx_word' id='word_1_57' title='bbox 500 821 788 880; x_wconf 88' lang='lat' dir='ltr'>Pontifici.</span> <span class='ocrx_word' id='word_1_58' title='bbox 825 821 1105 895; x_wconf 88' lang='lat' dir='ltr'>Quamvis</span> <span class='ocrx_word' id='word_1_59' title='bbox 1138 841 1277 882; x_wconf 87' lang='lat' dir='ltr'>vero</span> <span class='ocrx_word' id='word_1_60' title='bbox 1308 818 1557 879; x_wconf 85' lang='lat' dir='ltr'>Ecclesia</span> <span class='ocrx_word' id='word_1_61' title='bbox 1593 821 1812 879; x_wconf 78' lang='lat' dir='ltr'>directe</span> <span class='ocrx_word' id='word_1_62' title='bbox 1843 822 1991 881; x_wconf 89' lang='lat' dir='ltr'>nihil</span> <span class='ocrx_word' id='word_1_63' title='bbox 2027 825 2207 905; x_wconf 91' lang='lat' dir='ltr'>possit</span> <span class='ocrx_word' id='word_1_64' title='bbox 2233 824 2297 882; x_wconf 90' lang='lat' dir='ltr'>in</span> <span class='ocrx_word' id='word_1_65' title='bbox 2324 825 2437 882; x_wconf 58' lang='lat' dir='ltr'>Saz</span> 
     </span>
     <span class='ocr_line' id='line_1_10' title="bbox 290 917 2428 996; baseline -0.001 -17"><span class='ocrx_word' id='word_1_66' title='bbox 290 931 731 980; x_wconf 83' lang='lat' dir='ltr'>eramentorum</span> <span class='ocrx_word' id='word_1_67' title='bbox 769 917 1161 977; x_wconf 89' lang='lat' dir='ltr'>substantiam</span> <span class='ocrx_word' id='word_1_68' title='bbox 1186 961 1202 987; x_wconf 84' lang='lat'>7</span> <span class='ocrx_word' id='word_1_69' title='bbox 1240 917 1530 975; x_wconf 73' lang='lat' dir='ltr'>indirecte</span> <span class='ocrx_word' id='word_1_70' title='bbox 1560 927 1760 975; x_wconf 88' lang='lat' dir='ltr'>tamen</span> <span class='ocrx_word' id='word_1_71' title='bbox 1786 962 1802 991; x_wconf 84' lang='lat'>7</span> <span class='ocrx_word' id='word_1_72' title='bbox 1842 929 1908 976; x_wconf 92' lang='lat' dir='ltr'>ut</span> <span class='ocrx_word' id='word_1_73' title='bbox 1938 922 2064 996; x_wconf 88' lang='lat' dir='ltr'>jam</span> <span class='ocrx_word' id='word_1_74' title='bbox 2093 921 2391 994; x_wconf 84' lang='lat' dir='ltr'>innuimus</span> <span class='ocrx_word' id='word_1_75' title='bbox 2412 965 2428 994; x_wconf 99' lang='lat'>7</span> 
     </span>
     <span class='ocr_line' id='line_1_11' title="bbox 291 1011 2431 1098; baseline -0 -22"><span class='ocrx_word' id='word_1_76' title='bbox 291 1026 352 1077; x_wconf 90' lang='lat' dir='ltr'>et</span> <span class='ocrx_word' id='word_1_77' title='bbox 386 1014 620 1075; x_wconf 87' lang='lat' dir='ltr'>uberius</span> <span class='ocrx_word' id='word_1_78' title='bbox 650 1014 825 1098; x_wconf 92' lang='lat' dir='ltr'>paulo</span> <span class='ocrx_word' id='word_1_79' title='bbox 862 1025 996 1096; x_wconf 91' lang='lat' dir='ltr'>post</span> <span class='ocrx_word' id='word_1_80' title='bbox 1034 1011 1459 1094; x_wconf 79' lang='lat' dir='ltr'>explicabimus</span> <span class='ocrx_word' id='word_1_81' title='bbox 1480 1057 1496 1086; x_wconf 95' lang='lat'>7</span> <span class='ocrx_word' id='word_1_82' title='bbox 1534 1011 1703 1092; x_wconf 85' lang='lat' dir='ltr'>plura</span> <span class='ocrx_word' id='word_1_83' title='bbox 1735 1024 1992 1074; x_wconf 83' lang='lat' dir='ltr'>statuere</span> <span class='ocrx_word' id='word_1_84' title='bbox 2018 1027 2214 1097; x_wconf 91' lang='lat' dir='ltr'>potest</span> <span class='ocrx_word' id='word_1_85' title='bbox 2242 1016 2319 1075; x_wconf 91' lang='lat' dir='ltr'>ad</span> <span class='ocrx_word' id='word_1_86' title='bbox 2341 1015 2431 1075; x_wconf 90' lang='lat' dir='ltr'>le-</span> 
     </span>
     <span class='ocr_line' id='line_1_12' title="bbox 293 1108 1994 1193; baseline -0.001 -23"><span class='ocrx_word' id='word_1_87' title='bbox 293 1112 560 1193; x_wconf 84' lang='lat' dir='ltr'>gitimam</span> <span class='ocrx_word' id='word_1_88' title='bbox 585 1110 822 1170; x_wconf 88' lang='lat' dir='ltr'>illorum</span> <span class='ocrx_word' id='word_1_89' title='bbox 852 1108 1427 1169; x_wconf 85' lang='lat' dir='ltr'>administrationem</span> <span class='ocrx_word' id='word_1_90' title='bbox 1454 1129 1519 1167; x_wconf 92' lang='lat' dir='ltr'>ac</span> <span class='ocrx_word' id='word_1_91' title='bbox 1543 1111 1994 1190; x_wconf 85' lang='lat' dir='ltr'>susceptionem.</span> 
     </span>
    </p>

    <p class='ocr_par' dir='ltr' id='par_1_5' title="bbox 289 1203 2440 1671">
     <span class='ocr_line' id='line_1_13' title="bbox 381 1203 2429 1286; baseline 0 -19"><span class='ocrx_word' id='word_1_92' title='bbox 381 1208 518 1267; x_wconf 85' lang='lat'>119.</span> <span class='ocrx_word' id='word_1_93' title='bbox 567 1207 654 1266; x_wconf 82' lang='lat' dir='ltr'>Ad</span> <span class='ocrx_word' id='word_1_94' title='bbox 672 1208 756 1265; x_wconf 74' lang='lat'>9¹¹¹</span> <span class='ocrx_word' id='word_1_95' title='bbox 774 1251 791 1278; x_wconf 88' lang='lat'>7</span> <span class='ocrx_word' id='word_1_96' title='bbox 820 1206 969 1286; x_wconf 69' lang='lat' dir='ltr'>Ney.</span> <span class='ocrx_word' id='word_1_97' title='bbox 998 1205 1098 1264; x_wconf 89' lang='lat' dir='ltr'>illa</span> <span class='ocrx_word' id='word_1_98' title='bbox 1118 1203 1370 1264; x_wconf 88' lang='lat' dir='ltr'>absurda</span> <span class='ocrx_word' id='word_1_99' title='bbox 1395 1205 1583 1285; x_wconf 89' lang='lat' dir='ltr'>sequi7</span> <span class='ocrx_word' id='word_1_100' title='bbox 1609 1226 1738 1286; x_wconf 85' lang='lat' dir='ltr'>quae</span> <span class='ocrx_word' id='word_1_101' title='bbox 1761 1205 2074 1266; x_wconf 88' lang='lat' dir='ltr'>adversarii</span> <span class='ocrx_word' id='word_1_102' title='bbox 2096 1218 2429 1268; x_wconf 87' lang='lat' dir='ltr'>autumant.</span> 
     </span>
     <span class='ocr_line' id='line_1_14' title="bbox 295 1301 2437 1385; baseline -0 -22"><span class='ocrx_word' id='word_1_103' title='bbox 295 1305 431 1363; x_wconf 89' lang='lat' dir='ltr'>Non</span> <span class='ocrx_word' id='word_1_104' title='bbox 462 1304 725 1384; x_wconf 90' lang='lat' dir='ltr'>sequitur</span> <span class='ocrx_word' id='word_1_105' title='bbox 749 1303 812 1361; x_wconf 91' lang='lat' dir='ltr'>in</span> <span class='ocrx_word' id='word_1_106' title='bbox 838 1301 1046 1383; x_wconf 87' lang='lat' dir='ltr'>primis</span> <span class='ocrx_word' id='word_1_107' title='bbox 1072 1346 1088 1376; x_wconf 89' lang='lat'>7</span> <span class='ocrx_word' id='word_1_108' title='bbox 1119 1322 1290 1383; x_wconf 91' lang='lat' dir='ltr'>posse</span> <span class='ocrx_word' id='word_1_109' title='bbox 1323 1302 1613 1359; x_wconf 84' lang='lat' dir='ltr'>Romanos</span> <span class='ocrx_word' id='word_1_110' title='bbox 1640 1302 1944 1362; x_wconf 86' lang='lat' dir='ltr'>Pontifices</span> <span class='ocrx_word' id='word_1_111' title='bbox 1969 1324 2076 1385; x_wconf 89' lang='lat' dir='ltr'>pro</span> <span class='ocrx_word' id='word_1_112' title='bbox 2100 1303 2267 1364; x_wconf 88' lang='lat' dir='ltr'>libito</span> <span class='ocrx_word' id='word_1_113' title='bbox 2294 1325 2437 1364; x_wconf 91' lang='lat' dir='ltr'>con-</span> 
     </span>
     <span class='ocr_line' id='line_1_15' title="bbox 289 1395 2438 1478; baseline 0 -22"><span class='ocrx_word' id='word_1_114' title='bbox 289 1399 448 1478; x_wconf 80' lang='lat' dir='ltr'>jugia</span> <span class='ocrx_word' id='word_1_115' title='bbox 488 1398 753 1472; x_wconf 89' lang='lat' dir='ltr'>solvere7</span> <span class='ocrx_word' id='word_1_116' title='bbox 803 1419 938 1456; x_wconf 92' lang='lat' dir='ltr'>cum</span> <span class='ocrx_word' id='word_1_117' title='bbox 983 1396 1107 1456; x_wconf 83' lang='lat' dir='ltr'>haec</span> <span class='ocrx_word' id='word_1_118' title='bbox 1136 1408 1396 1478; x_wconf 87' lang='lat' dir='ltr'>potestas</span> <span class='ocrx_word' id='word_1_119' title='bbox 1427 1395 1540 1455; x_wconf 88' lang='lat' dir='ltr'>illis</span> <span class='ocrx_word' id='word_1_120' title='bbox 1576 1420 1607 1455; x_wconf 91' lang='lat' dir='ltr'>a</span> <span class='ocrx_word' id='word_1_121' title='bbox 1646 1398 1876 1457; x_wconf 87' lang='lat' dir='ltr'>Christo</span> <span class='ocrx_word' id='word_1_122' title='bbox 1918 1398 2125 1459; x_wconf 87' lang='lat' dir='ltr'>collata</span> <span class='ocrx_word' id='word_1_123' title='bbox 2152 1400 2327 1459; x_wconf 88' lang='lat' dir='ltr'>fuerit</span> <span class='ocrx_word' id='word_1_124' title='bbox 2375 1401 2438 1457; x_wconf 90' lang='lat' dir='ltr'>in</span> 
     </span>
     <span class='ocr_line' id='line_1_16' title="bbox 299 1492 2440 1579; baseline -0 -25"><span class='ocrx_word' id='word_1_125' title='bbox 299 1494 743 1554; x_wconf 85' lang='lat' dir='ltr'>aedificationem</span> <span class='ocrx_word' id='word_1_126' title='bbox 769 1538 786 1568; x_wconf 92' lang='lat'>7</span> <span class='ocrx_word' id='word_1_127' title='bbox 840 1516 963 1551; x_wconf 88' lang='lat' dir='ltr'>non</span> <span class='ocrx_word' id='word_1_128' title='bbox 1014 1504 1213 1552; x_wconf 86' lang='lat' dir='ltr'>autem</span> <span class='ocrx_word' id='word_1_129' title='bbox 1258 1495 1319 1551; x_wconf 93' lang='lat' dir='ltr'>in</span> <span class='ocrx_word' id='word_1_130' title='bbox 1358 1492 1833 1553; x_wconf 82' lang='lat' dir='ltr'>destructionem.</span> <span class='ocrx_word' id='word_1_131' title='bbox 1869 1496 2028 1555; x_wconf 86' lang='lat' dir='ltr'>Nihil</span> <span class='ocrx_word' id='word_1_132' title='bbox 2051 1509 2334 1579; x_wconf 88' lang='lat' dir='ltr'>praeterea</span> <span class='ocrx_word' id='word_1_133' title='bbox 2379 1516 2440 1554; x_wconf 92' lang='lat' dir='ltr'>se</span> 
     </span>
     <span class='ocr_line' id='line_1_17' title="bbox 301 1589 2439 1671; baseline 0.001 -24"><span class='ocrx_word' id='word_1_134' title='bbox 301 1611 471 1671; x_wconf 90' lang='lat' dir='ltr'>posse</span> <span class='ocrx_word' id='word_1_135' title='bbox 509 1591 659 1647; x_wconf 90' lang='lat' dir='ltr'>circa</span> <span class='ocrx_word' id='word_1_136' title='bbox 698 1589 1084 1648; x_wconf 75' lang='lat' dir='ltr'>Matrimonia</span> <span class='ocrx_word' id='word_1_137' title='bbox 1115 1600 1518 1647; x_wconf 89' lang='lat' dir='ltr'>consummata</span> <span class='ocrx_word' id='word_1_138' title='bbox 1541 1634 1556 1662; x_wconf 94' lang='lat'>7</span> <span class='ocrx_word' id='word_1_139' title='bbox 1590 1589 1783 1670; x_wconf 88' lang='lat' dir='ltr'>quoad</span> <span class='ocrx_word' id='word_1_140' title='bbox 1814 1612 2015 1650; x_wconf 88' lang='lat' dir='ltr'>eorum</span> <span class='ocrx_word' id='word_1_141' title='bbox 2049 1592 2401 1651; x_wconf 90' lang='lat' dir='ltr'>solutionem</span> <span class='ocrx_word' id='word_1_142' title='bbox 2421 1636 2439 1664; x_wconf 92' lang='lat'>7</span> 
     </span>
    </p>
   </div>
   <div class='ocr_carea' id='block_1_4' title="bbox 303 1683 2447 1863">
    <p class='ocr_par' dir='ltr' id='par_1_6' title="bbox 303 1683 2447 1863">
     <span class='ocr_line' id='line_1_18' title="bbox 303 1683 2446 1766; baseline 0 -23"><span class='ocrx_word' id='word_1_143' title='bbox 303 1707 428 1744; x_wconf 88' lang='lat' dir='ltr'>non</span> <span class='ocrx_word' id='word_1_144' title='bbox 465 1683 650 1743; x_wconf 91' lang='lat' dir='ltr'>semel</span> <span class='ocrx_word' id='word_1_145' title='bbox 680 1684 794 1765; x_wconf 91' lang='lat' dir='ltr'>ipsi</span> <span class='ocrx_word' id='word_1_146' title='bbox 828 1684 1054 1741; x_wconf 85' lang='lat' dir='ltr'>Summi</span> <span class='ocrx_word' id='word_1_147' title='bbox 1086 1683 1394 1742; x_wconf 88' lang='lat' dir='ltr'>Pontifices</span> <span class='ocrx_word' id='word_1_148' title='bbox 1417 1684 1658 1764; x_wconf 87' lang='lat' dir='ltr'>professi</span> <span class='ocrx_word' id='word_1_149' title='bbox 1686 1697 1842 1743; x_wconf 90' lang='lat' dir='ltr'>sunt.</span> <span class='ocrx_word' id='word_1_150' title='bbox 1872 1686 2012 1745; x_wconf 89' lang='lat' dir='ltr'>Tota</span> <span class='ocrx_word' id='word_1_151' title='bbox 2043 1687 2218 1766; x_wconf 84' lang='lat' dir='ltr'>igitur</span> <span class='ocrx_word' id='word_1_152' title='bbox 2241 1708 2446 1746; x_wconf 89' lang='lat' dir='ltr'>eorum</span> 
     </span>
     <span class='ocr_line' id='line_1_19' title="bbox 303 1779 2447 1863; baseline 0 -25"><span class='ocrx_word' id='word_1_153' title='bbox 303 1791 564 1863; x_wconf 87' lang='lat' dir='ltr'>potestas</span> <span class='ocrx_word' id='word_1_154' title='bbox 607 1790 877 1839; x_wconf 44' lang='lat' dir='ltr'>*versatur</span> <span class='ocrx_word' id='word_1_155' title='bbox 920 1780 1067 1837; x_wconf 91' lang='lat' dir='ltr'>circa</span> <span class='ocrx_word' id='word_1_156' title='bbox 1098 1779 1468 1837; x_wconf 87' lang='lat' dir='ltr'>Matrimonia</span> <span class='ocrx_word' id='word_1_157' title='bbox 1511 1791 1636 1838; x_wconf 89' lang='lat' dir='ltr'>rata</span> <span class='ocrx_word' id='word_1_158' title='bbox 1661 1791 1721 1839; x_wconf 93' lang='lat' dir='ltr'>et</span> <span class='ocrx_word' id='word_1_159' title='bbox 1758 1803 1879 1839; x_wconf 93' lang='lat' dir='ltr'>non</span> <span class='ocrx_word' id='word_1_160' title='bbox 1920 1793 2355 1855; x_wconf 89' lang='lat' dir='ltr'>consummata7</span> <span class='ocrx_word' id='word_1_161' title='bbox 2382 1782 2447 1839; x_wconf 90' lang='lat' dir='ltr'>in</span> 
     </span>
    </p>
   </div>
   <div class='ocr_carea' id='block_1_5' title="bbox 307 1871 2444 1960">
    <p class='ocr_par' dir='ltr' id='par_1_7' title="bbox 307 1871 2444 1960">
     <span class='ocr_line' id='line_1_20' title="bbox 307 1871 2444 1960; baseline 0.001 -27"><span class='ocrx_word' id='word_1_162' title='bbox 307 1875 557 1958; x_wconf 88' lang='lat' dir='ltr'>quibus7</span> <span class='ocrx_word' id='word_1_163' title='bbox 596 1874 677 1933; x_wconf 91' lang='lat' dir='ltr'>ita</span> <span class='ocrx_word' id='word_1_164' title='bbox 716 1871 1092 1955; x_wconf 70' lang='lat' dir='ltr'>poscentibus</span> <span class='ocrx_word' id='word_1_165' title='bbox 1140 1895 1343 1933; x_wconf 86' lang='lat' dir='ltr'>rerum</span> <span class='ocrx_word' id='word_1_166' title='bbox 1389 1874 1718 1952; x_wconf 88' lang='lat' dir='ltr'>adjunctis7</span> <span class='ocrx_word' id='word_1_167' title='bbox 1768 1875 2103 1960; x_wconf 89' lang='lat' dir='ltr'>dispensare</span> <span class='ocrx_word' id='word_1_168' title='bbox 2153 1887 2398 1960; x_wconf 89' lang='lat' dir='ltr'>possunt</span> <span class='ocrx_word' id='word_1_169' title='bbox 2427 1922 2444 1952; x_wconf 91' lang='lat'>7</span> 
     </span>
    </p>
   </div>
   <div class='ocr_carea' id='block_1_6' title="bbox 311 2124 2450 2193">
    <p class='ocr_par' dir='ltr' id='par_1_8' title="bbox 311 2124 2450 2193">
     <span class='ocr_line' id='line_1_21' title="bbox 311 2124 2450 2193; baseline -0 -18"><span class='ocrx_word' id='word_1_170' title='bbox 311 2134 470 2175; x_wconf 81' lang='lat' dir='ltr'>ratam</span> <span class='ocrx_word' id='word_1_171' title='bbox 515 2141 643 2186; x_wconf 89' lang='lat' dir='ltr'>esse,</span> <span class='ocrx_word' id='word_1_172' title='bbox 686 2142 740 2173; x_wconf 91' lang='lat' dir='ltr'>ac</span> <span class='ocrx_word' id='word_1_173' title='bbox 770 2127 954 2173; x_wconf 87' lang='lat' dir='ltr'>irritum</span> <span class='ocrx_word' id='word_1_174' title='bbox 995 2143 1093 2174; x_wconf 86' lang='lat' dir='ltr'>esse</span> <span class='ocrx_word' id='word_1_175' title='bbox 1146 2124 1346 2174; x_wconf 90' lang='lat' dir='ltr'>Concilii</span> <span class='ocrx_word' id='word_1_176' title='bbox 1425 2127 1608 2190; x_wconf 77' lang='lat' dir='ltr'>qrande</span> <span class='ocrx_word' id='word_1_177' title='bbox 1640 2127 1803 2175; x_wconf 76' lang='lat' dir='ltr'>ordire</span> <span class='ocrx_word' id='word_1_178' title='bbox 1833 2126 1911 2174; x_wconf 83' lang='lat' dir='ltr'>del</span> <span class='ocrx_word' id='word_1_179' title='bbox 1930 2127 2144 2176; x_wconf 78' lang='lat' dir='ltr'>Concilio</span> <span class='ocrx_word' id='word_1_180' title='bbox 2165 2127 2222 2175; x_wconf 85' lang='lat' dir='ltr'>di</span> <span class='ocrx_word' id='word_1_181' title='bbox 2226 2143 2450 2193; x_wconf 78' lang='lat' dir='ltr'>pronun-</span> 
     </span>
    </p>
   </div>
   <div class='ocr_carea' id='block_1_7' title="bbox 258 2208 1366 3681">
    <p class='ocr_par' dir='ltr' id='par_1_9' title="bbox 258 2208 1366 3681">
     <span class='ocr_line' id='line_1_22' title="bbox 313 2208 1347 2269; baseline -0.002 -11"><span class='ocrx_word' id='word_1_182' title='bbox 313 2208 582 2258; x_wconf 80' lang='lat' dir='ltr'>Tridentini</span> <span class='ocrx_word' id='word_1_183' title='bbox 604 2209 872 2269; x_wconf 85' lang='lat' dir='ltr'>decretum,</span> <span class='ocrx_word' id='word_1_184' title='bbox 905 2211 981 2256; x_wconf 90' lang='lat' dir='ltr'>cui</span> <span class='ocrx_word' id='word_1_185' title='bbox 1008 2209 1157 2256; x_wconf 82' lang='lat' dir='ltr'>defuit</span> <span class='ocrx_word' id='word_1_186' title='bbox 1187 2224 1347 2257; x_wconf 86' lang='lat' dir='ltr'>neces-</span> 
     </span>
     <span class='ocr_line' id='line_1_23' title="bbox 315 2288 1351 2358; baseline -0.004 -16"><span class='ocrx_word' id='word_1_187' title='bbox 315 2295 439 2342; x_wconf 82' lang='lat' dir='ltr'>saria</span> <span class='ocrx_word' id='word_1_188' title='bbox 484 2290 703 2354; x_wconf 87' lang='lat' dir='ltr'>libertas;</span> <span class='ocrx_word' id='word_1_189' title='bbox 751 2291 999 2340; x_wconf 75' lang='lat' dir='ltr'>Tabai-aud</span> <span class='ocrx_word' id='word_1_190' title='bbox 1030 2327 1044 2351; x_wconf 84' lang='lat'><strong>,</strong></span> <span class='ocrx_word' id='word_1_191' title='bbox 1091 2288 1351 2358; x_wconf 77' lang='lat' dir='ltr'>Principes</span> 
     </span>
     <span class='ocr_line' id='line_1_24' title="bbox 314 2371 1348 2439; baseline -0.001 -16"><span class='ocrx_word' id='word_1_192' title='bbox 314 2391 402 2423; x_wconf 80' lang='lat' dir='ltr'>sur</span> <span class='ocrx_word' id='word_1_193' title='bbox 428 2373 476 2420; x_wconf 88' lang='lat' dir='ltr'>la</span> <span class='ocrx_word' id='word_1_194' title='bbox 503 2373 786 2422; x_wconf 72' lang='lat' dir='ltr'>distinction</span> <span class='ocrx_word' id='word_1_195' title='bbox 805 2411 819 2436; x_wconf 93' lang='lat'>‚</span> <span class='ocrx_word' id='word_1_196' title='bbox 844 2384 932 2423; x_wconf 85' lang='lat' dir='ltr'>etc.</span> <span class='ocrx_word' id='word_1_197' title='bbox 979 2389 998 2420; x_wconf 83' lang='lat'>1</span> <span class='ocrx_word' id='word_1_198' title='bbox 1034 2373 1148 2422; x_wconf 88' lang='lat' dir='ltr'>edit.</span> <span class='ocrx_word' id='word_1_199' title='bbox 1178 2392 1228 2439; x_wconf 86' lang='lat' dir='ltr'>p.</span> <span class='ocrx_word' id='word_1_200' title='bbox 1247 2371 1311 2422; x_wconf 79' lang='lat'>28</span> <span class='ocrx_word' id='word_1_201' title='bbox 1332 2409 1348 2438; x_wconf 85' lang='lat'>7</span> 
     </span>
     <span class='ocr_line' id='line_1_25' title="bbox 314 2456 1354 2525; baseline 0 -19"><span class='ocrx_word' id='word_1_202' title='bbox 314 2476 362 2524; x_wconf 93' lang='lat' dir='ltr'>p.</span> <span class='ocrx_word' id='word_1_203' title='bbox 393 2456 491 2506; x_wconf 81' lang='lat'>233</span> <span class='ocrx_word' id='word_1_204' title='bbox 510 2468 553 2507; x_wconf 81' lang='lat' dir='ltr'>et</span> <span class='ocrx_word' id='word_1_205' title='bbox 583 2475 715 2524; x_wconf 84' lang='lat' dir='ltr'>seqq.</span> <span class='ocrx_word' id='word_1_206' title='bbox 740 2468 785 2507; x_wconf 87' lang='lat' dir='ltr'>et</span> <span class='ocrx_word' id='word_1_207' title='bbox 816 2474 923 2523; x_wconf 83' lang='lat' dir='ltr'>pag.</span> <span class='ocrx_word' id='word_1_208' title='bbox 945 2458 1061 2525; x_wconf 80' lang='lat'>391,</span> <span class='ocrx_word' id='word_1_209' title='bbox 1082 2475 1137 2506; x_wconf 89' lang='lat' dir='ltr'>ac</span> <span class='ocrx_word' id='word_1_210' title='bbox 1165 2460 1215 2506; x_wconf 89' lang='lat' dir='ltr'>in</span> <span class='ocrx_word' id='word_1_211' title='bbox 1231 2474 1354 2508; x_wconf 88' lang='lat' dir='ltr'>nova</span> 
     </span>
     <span class='ocr_line' id='line_1_26' title="bbox 318 2537 1355 2606; baseline -0.001 -17"><span class='ocrx_word' id='word_1_212' title='bbox 318 2540 433 2589; x_wconf 84' lang='lat' dir='ltr'>edit.</span> <span class='ocrx_word' id='word_1_213' title='bbox 468 2558 511 2605; x_wconf 88' lang='lat' dir='ltr'>p.</span> <span class='ocrx_word' id='word_1_214' title='bbox 543 2537 635 2587; x_wconf 79' lang='lat'>381</span> <span class='ocrx_word' id='word_1_215' title='bbox 681 2550 726 2588; x_wconf 87' lang='lat' dir='ltr'>ct</span> <span class='ocrx_word' id='word_1_216' title='bbox 757 2557 890 2606; x_wconf 86' lang='lat' dir='ltr'>seqq.</span> <span class='ocrx_word' id='word_1_217' title='bbox 913 2539 1008 2588; x_wconf 90' lang='lat' dir='ltr'>Nec</span> <span class='ocrx_word' id='word_1_218' title='bbox 1032 2557 1138 2588; x_wconf 92' lang='lat' dir='ltr'>vero</span> <span class='ocrx_word' id='word_1_219' title='bbox 1172 2542 1355 2588; x_wconf 87' lang='lat' dir='ltr'>silentio</span> 
     </span>
     <span class='ocr_line' id='line_1_27' title="bbox 318 2622 1356 2688; baseline 0.001 -18"><span class='ocrx_word' id='word_1_220' title='bbox 318 2622 690 2688; x_wconf 81' lang='lat' dir='ltr'>praetereundum</span> <span class='ocrx_word' id='word_1_221' title='bbox 719 2622 903 2681; x_wconf 78' lang='lat' dir='ltr'>censeo,</span> <span class='ocrx_word' id='word_1_222' title='bbox 932 2623 1017 2671; x_wconf 76' lang='lat' dir='ltr'>lios</span> <span class='ocrx_word' id='word_1_223' title='bbox 1038 2625 1161 2688; x_wconf 82' lang='lat' dir='ltr'>ipsos</span> <span class='ocrx_word' id='word_1_224' title='bbox 1194 2633 1356 2673; x_wconf 82' lang='lat' dir='ltr'>aucto-</span> 
     </span>
     <span class='ocr_line' id='line_1_28' title="bbox 320 2704 1358 2770; baseline 0.002 -19"><span class='ocrx_word' id='word_1_225' title='bbox 320 2720 395 2760; x_wconf 77' lang='lat' dir='ltr'>res</span> <span class='ocrx_word' id='word_1_226' title='bbox 414 2704 600 2752; x_wconf 87' lang='lat' dir='ltr'>eosdem</span> <span class='ocrx_word' id='word_1_227' title='bbox 621 2721 741 2762; x_wconf 87' lang='lat' dir='ltr'>esse,</span> <span class='ocrx_word' id='word_1_228' title='bbox 784 2707 866 2770; x_wconf 88' lang='lat' dir='ltr'>qui</span> <span class='ocrx_word' id='word_1_229' title='bbox 890 2707 1229 2769; x_wconf 85' lang='lat' dir='ltr'>impugnarunt</span> <span class='ocrx_word' id='word_1_230' title='bbox 1272 2706 1358 2753; x_wconf 88' lang='lat' dir='ltr'>do-</span> 
     </span>
     <span class='ocr_line' id='line_1_29' title="bbox 322 2784 1360 2850; baseline -0.001 -15"><span class='ocrx_word' id='word_1_231' title='bbox 322 2788 521 2836; x_wconf 87' lang='lat' dir='ltr'>ctrinam</span> <span class='ocrx_word' id='word_1_232' title='bbox 539 2795 583 2833; x_wconf 87' lang='lat' dir='ltr'>et</span> <span class='ocrx_word' id='word_1_233' title='bbox 609 2789 793 2850; x_wconf 81' lang='lat' dir='ltr'>praxim</span> <span class='ocrx_word' id='word_1_234' title='bbox 816 2784 1029 2833; x_wconf 83' lang='lat' dir='ltr'>Ecclesiae</span> <span class='ocrx_word' id='word_1_235' title='bbox 1048 2787 1287 2834; x_wconf 73' lang='lat' dir='ltr'>catholicas</span> <span class='ocrx_word' id='word_1_236' title='bbox 1302 2787 1360 2835; x_wconf 89' lang='lat' dir='ltr'>de</span> 
     </span>
     <span class='ocr_line' id='line_1_30' title="bbox 258 2868 1361 2936; baseline -0.005 -16"><span class='ocrx_word' id='word_1_237' title='bbox 258 2881 263 2887; x_wconf 85' lang='lat'>&#39;</span> <span class='ocrx_word' id='word_1_238' title='bbox 324 2870 625 2927; x_wconf 70' lang='lat' dir='ltr'>dissolutione</span> <span class='ocrx_word' id='word_1_239' title='bbox 639 2872 839 2936; x_wconf 80' lang='lat' dir='ltr'>conjugii</span> <span class='ocrx_word' id='word_1_240' title='bbox 855 2868 1116 2917; x_wconf 87' lang='lat' dir='ltr'>infidelium</span> <span class='ocrx_word' id='word_1_241' title='bbox 1130 2904 1144 2931; x_wconf 93' lang='lat'>7</span> <span class='ocrx_word' id='word_1_242' title='bbox 1160 2886 1266 2916; x_wconf 92' lang='lat' dir='ltr'>cum</span> <span class='ocrx_word' id='word_1_243' title='bbox 1283 2887 1361 2916; x_wconf 91' lang='lat' dir='ltr'>eo-</span> 
     </span>
     <span class='ocr_line' id='line_1_31' title="bbox 324 2951 1362 3002; baseline -0.004 0"><span class='ocrx_word' id='word_1_244' title='bbox 324 2971 431 3002; x_wconf 87' lang='lat' dir='ltr'>rum</span> <span class='ocrx_word' id='word_1_245' title='bbox 450 2953 563 3002; x_wconf 86' lang='lat' dir='ltr'>alter</span> <span class='ocrx_word' id='word_1_246' title='bbox 577 2952 636 3000; x_wconf 84' lang='lat' dir='ltr'>ad</span> <span class='ocrx_word' id='word_1_247' title='bbox 651 2951 792 3000; x_wconf 88' lang='lat' dir='ltr'>fidem</span> <span class='ocrx_word' id='word_1_248' title='bbox 811 2952 1114 3001; x_wconf 84' lang='lat' dir='ltr'>christianam</span> <span class='ocrx_word' id='word_1_249' title='bbox 1130 2954 1362 2999; x_wconf 84' lang='lat' dir='ltr'>converti-</span> 
     </span>
     <span class='ocr_line' id='line_1_32' title="bbox 326 3031 1363 3100; baseline -0.003 -16"><span class='ocrx_word' id='word_1_250' title='bbox 326 3046 399 3084; x_wconf 88' lang='lat' dir='ltr'>tur</span> <span class='ocrx_word' id='word_1_251' title='bbox 415 3072 429 3100; x_wconf 81' lang='lat'>7</span> <span class='ocrx_word' id='word_1_252' title='bbox 449 3044 672 3084; x_wconf 78' lang='lat' dir='ltr'>renuente</span> <span class='ocrx_word' id='word_1_253' title='bbox 694 3034 835 3083; x_wconf 84' lang='lat' dir='ltr'>altero</span> <span class='ocrx_word' id='word_1_254' title='bbox 867 3035 1059 3100; x_wconf 84' lang='lat' dir='ltr'>pacifice</span> <span class='ocrx_word' id='word_1_255' title='bbox 1083 3031 1363 3083; x_wconf 85' lang='lat' dir='ltr'>cohabitare</span> 
     </span>
     <span class='ocr_line' id='line_1_33' title="bbox 327 3117 1366 3183; baseline -0.004 -15"><span class='ocrx_word' id='word_1_256' title='bbox 327 3136 436 3168; x_wconf 90' lang='lat' dir='ltr'>cum</span> <span class='ocrx_word' id='word_1_257' title='bbox 469 3134 717 3176; x_wconf 86' lang='lat' dir='ltr'>converso;</span> <span class='ocrx_word' id='word_1_258' title='bbox 754 3134 844 3166; x_wconf 89' lang='lat' dir='ltr'>nec</span> <span class='ocrx_word' id='word_1_259' title='bbox 879 3117 1020 3165; x_wconf 80' lang='lat' dir='ltr'>aliter</span> <span class='ocrx_word' id='word_1_260' title='bbox 1040 3135 1087 3166; x_wconf 87' lang='lat' dir='ltr'>se</span> <span class='ocrx_word' id='word_1_261' title='bbox 1110 3134 1269 3183; x_wconf 82' lang='lat' dir='ltr'>gerere</span> <span class='ocrx_word' id='word_1_262' title='bbox 1284 3117 1366 3165; x_wconf 90' lang='lat' dir='ltr'>de-</span> 
     </span>
     <span class='ocr_line' id='line_1_34' title="bbox 325 3198 1366 3262; baseline -0.004 -13"><span class='ocrx_word' id='word_1_263' title='bbox 325 3201 521 3262; x_wconf 84' lang='lat' dir='ltr'>bebant,</span> <span class='ocrx_word' id='word_1_264' title='bbox 543 3202 580 3248; x_wconf 89' lang='lat' dir='ltr'>si</span> <span class='ocrx_word' id='word_1_265' title='bbox 595 3198 681 3248; x_wconf 82' lang='lat' dir='ltr'>sibi</span> <span class='ocrx_word' id='word_1_266' title='bbox 701 3209 910 3248; x_wconf 81' lang='lat' dir='ltr'>constare</span> <span class='ocrx_word' id='word_1_267' title='bbox 927 3199 1162 3247; x_wconf 85' lang='lat' dir='ltr'>volebant.</span> <span class='ocrx_word' id='word_1_268' title='bbox 1189 3198 1248 3245; x_wconf 86' lang='lat' dir='ltr'>Hi</span> <span class='ocrx_word' id='word_1_269' title='bbox 1265 3215 1366 3246; x_wconf 91' lang='lat' dir='ltr'>om-</span> 
     </span>
     <span class='ocr_line' id='line_1_35' title="bbox 330 3280 1363 3350; baseline -0.004 -17"><span class='ocrx_word' id='word_1_270' title='bbox 330 3301 413 3333; x_wconf 86' lang='lat' dir='ltr'>ncs</span> <span class='ocrx_word' id='word_1_271' title='bbox 446 3286 715 3350; x_wconf 81' lang='lat' dir='ltr'>magistrum</span> <span class='ocrx_word' id='word_1_272' title='bbox 758 3301 895 3332; x_wconf 89' lang='lat' dir='ltr'>suum</span> <span class='ocrx_word' id='word_1_273' title='bbox 929 3284 1071 3331; x_wconf 85' lang='lat' dir='ltr'>secuti</span> <span class='ocrx_word' id='word_1_274' title='bbox 1104 3291 1214 3331; x_wconf 87' lang='lat' dir='ltr'>sunt</span> <span class='ocrx_word' id='word_1_275' title='bbox 1244 3280 1363 3329; x_wconf 86' lang='lat' dir='ltr'>Pau-</span> 
     </span>
     <span class='ocr_line' id='line_1_36' title="bbox 330 3365 1364 3433; baseline -0.005 -19"><span class='ocrx_word' id='word_1_276' title='bbox 330 3367 430 3414; x_wconf 86' lang='lat' dir='ltr'>lum</span> <span class='ocrx_word' id='word_1_277' title='bbox 445 3365 690 3430; x_wconf 75' lang='lat' dir='ltr'>Sarpium,</span> <span class='ocrx_word' id='word_1_278' title='bbox 717 3369 800 3433; x_wconf 90' lang='lat' dir='ltr'>qui</span> <span class='ocrx_word' id='word_1_279' title='bbox 827 3366 917 3413; x_wconf 88' lang='lat' dir='ltr'>loc.</span> <span class='ocrx_word' id='word_1_280' title='bbox 945 3366 1024 3413; x_wconf 88' lang='lat' dir='ltr'>cit.</span> <span class='ocrx_word' id='word_1_281' title='bbox 1052 3367 1146 3432; x_wconf 86' lang='lat' dir='ltr'>jam</span> <span class='ocrx_word' id='word_1_282' title='bbox 1170 3365 1364 3426; x_wconf 88' lang='lat' dir='ltr'>scripse-</span> 
     </span>
     <span class='ocr_line' id='line_1_37' title="bbox 337 3443 1355 3511; baseline -0.004 -15"><span class='ocrx_word' id='word_1_283' title='bbox 337 3458 404 3496; x_wconf 87' lang='lat' dir='ltr'>rat</span> <span class='ocrx_word' id='word_1_284' title='bbox 441 3465 454 3495; x_wconf 90' lang='lat'>:</span> <span class='ocrx_word' id='word_1_285' title='bbox 501 3447 599 3496; x_wconf 77' lang='lat' dir='ltr'>Che</span> <span class='ocrx_word' id='word_1_286' title='bbox 634 3466 732 3496; x_wconf 85' lang='lat' dir='ltr'>non</span> <span class='ocrx_word' id='word_1_287' title='bbox 758 3454 807 3496; x_wconf 83' lang='lat' dir='ltr'>si</span> <span class='ocrx_word' id='word_1_288' title='bbox 850 3445 1026 3511; x_wconf 79' lang='lat' dir='ltr'>sciolqa</span> <span class='ocrx_word' id='word_1_289' title='bbox 1056 3444 1097 3493; x_wconf 80' lang='lat' dir='ltr'>il</span> <span class='ocrx_word' id='word_1_290' title='bbox 1126 3443 1355 3509; x_wconf 75' lang='lat' dir='ltr'>leqittimo</span> 
     </span>
     <span class='ocr_line' id='line_1_38' title="bbox 334 3526 1353 3594; baseline -0.005 -15"><span class='ocrx_word' id='word_1_291' title='bbox 334 3529 640 3579; x_wconf 77' lang='lat' dir='ltr'>matrimonio</span> <span class='ocrx_word' id='word_1_292' title='bbox 670 3547 768 3578; x_wconf 87' lang='lat' dir='ltr'>non</span> <span class='ocrx_word' id='word_1_293' title='bbox 795 3537 1069 3579; x_wconf 83' lang='lat' dir='ltr'>consumato</span> <span class='ocrx_word' id='word_1_294' title='bbox 1091 3544 1183 3594; x_wconf 79' lang='lat' dir='ltr'>per</span> <span class='ocrx_word' id='word_1_295' title='bbox 1211 3526 1257 3574; x_wconf 87' lang='lat' dir='ltr'>la</span> <span class='ocrx_word' id='word_1_296' title='bbox 1278 3543 1353 3575; x_wconf 89' lang='lat' dir='ltr'>so-</span> 
     </span>
     <span class='ocr_line' id='line_1_39' title="bbox 336 3614 1356 3681; baseline -0.005 -18"><span class='ocrx_word' id='word_1_297' title='bbox 336 3616 472 3664; x_wconf 86' lang='lat' dir='ltr'>lenne</span> <span class='ocrx_word' id='word_1_298' title='bbox 494 3615 788 3681; x_wconf 73' lang='lat' dir='ltr'>professione</span> <span class='ocrx_word' id='word_1_299' title='bbox 823 3614 1043 3679; x_wconf 63' lang='lat' dir='ltr'>religiosa</span> <span class='ocrx_word' id='word_1_300' title='bbox 1074 3614 1098 3660; x_wconf 77' lang='grc' dir='ltr'><em>ὲ</em></span> <span class='ocrx_word' id='word_1_301' title='bbox 1129 3620 1247 3661; x_wconf 76' lang='lat' dir='ltr'>stato</span> <span class='ocrx_word' id='word_1_302' title='bbox 1288 3627 1356 3659; x_wconf 80' lang='lat' dir='ltr'>un</span> 
     </span>
    </p>
   </div>
   <div class='ocr_carea' id='block_1_8' title="bbox 1430 2208 2460 2604">
    <p class='ocr_par' dir='ltr' id='par_1_10' title="bbox 1430 2208 2460 2604">
     <span class='ocr_line' id='line_1_40' title="bbox 1430 2208 2448 2268; baseline 0.001 -13"><span class='ocrx_word' id='word_1_303' title='bbox 1430 2209 1567 2255; x_wconf 80' lang='lat' dir='ltr'>ziare</span> <span class='ocrx_word' id='word_1_304' title='bbox 1613 2217 1836 2255; x_wconf 80' lang='lat' dir='ltr'>anotema</span> <span class='ocrx_word' id='word_1_305' title='bbox 1870 2218 2030 2257; x_wconf 82' lang='lat' dir='ltr'>contro</span> <span class='ocrx_word' id='word_1_306' title='bbox 2067 2209 2109 2257; x_wconf 82' lang='lat' dir='ltr'>il</span> <span class='ocrx_word' id='word_1_307' title='bbox 2134 2208 2414 2258; x_wconf 82' lang='lat' dir='ltr'>sentimento</span> <span class='ocrx_word' id='word_1_308' title='bbox 2434 2247 2448 2268; x_wconf 81' lang='lat'>7</span> 
     </span>
     <span class='ocr_line' id='line_1_41' title="bbox 1431 2289 2450 2356; baseline 0.002 -19"><span class='ocrx_word' id='word_1_309' title='bbox 1431 2289 1514 2337; x_wconf 81' lang='lat' dir='ltr'>che</span> <span class='ocrx_word' id='word_1_310' title='bbox 1536 2291 1591 2336; x_wconf 82' lang='lat' dir='ltr'>in</span> <span class='ocrx_word' id='word_1_311' title='bbox 1611 2307 1657 2337; x_wconf 90' lang='lat' dir='ltr'>se</span> <span class='ocrx_word' id='word_1_312' title='bbox 1683 2292 1707 2337; x_wconf 78' lang='grc' dir='ltr'><strong><em>ὲ</em></strong></span> <span class='ocrx_word' id='word_1_313' title='bbox 1739 2290 1973 2339; x_wconf 85' lang='lat' dir='ltr'>ortodosso</span> <span class='ocrx_word' id='word_1_314' title='bbox 2000 2300 2178 2356; x_wconf 79' lang='lat' dir='ltr'>quanto</span> <span class='ocrx_word' id='word_1_315' title='bbox 2195 2290 2313 2339; x_wconf 82' lang='lat' dir='ltr'>altro</span> <span class='ocrx_word' id='word_1_316' title='bbox 2329 2292 2450 2339; x_wconf 87' lang='lat' dir='ltr'>mai.</span> 
     </span>
     <span class='ocr_line' id='line_1_42' title="bbox 1434 2371 2451 2436; baseline 0.002 -18"><span class='ocrx_word' id='word_1_317' title='bbox 1434 2371 1742 2436; x_wconf 75' lang='lat' dir='ltr'>Imperocche</span> <span class='ocrx_word' id='word_1_318' title='bbox 1773 2390 1823 2420; x_wconf 87' lang='lat' dir='ltr'>se</span> <span class='ocrx_word' id='word_1_319' title='bbox 1869 2374 1894 2420; x_wconf 79' lang='grc' dir='ltr'><em>ἑ</em></span> <span class='ocrx_word' id='word_1_320' title='bbox 1927 2391 2034 2422; x_wconf 84' lang='lat' dir='ltr'>vero</span> <span class='ocrx_word' id='word_1_321' title='bbox 2058 2409 2074 2435; x_wconf 89' lang='lat'><em>‚</em></span> <span class='ocrx_word' id='word_1_322' title='bbox 2127 2373 2212 2421; x_wconf 80' lang='lat' dir='ltr'>che</span> <span class='ocrx_word' id='word_1_323' title='bbox 2270 2372 2310 2420; x_wconf 72' lang='lat' dir='ltr'>il</span> <span class='ocrx_word' id='word_1_324' title='bbox 2344 2389 2451 2420; x_wconf 86' lang='lat' dir='ltr'>ma-</span> 
     </span>
     <span class='ocr_line' id='line_1_43' title="bbox 1435 2453 2458 2522; baseline 0.002 -22"><span class='ocrx_word' id='word_1_325' title='bbox 1435 2456 1666 2502; x_wconf 85' lang='lat' dir='ltr'>trimonio</span> <span class='ocrx_word' id='word_1_326' title='bbox 1713 2453 1774 2501; x_wconf 82' lang='grc' dir='ltr'>Ῐια</span> <span class='ocrx_word' id='word_1_327' title='bbox 1815 2464 1938 2503; x_wconf 78' lang='lat' dir='ltr'>tutta</span> <span class='ocrx_word' id='word_1_328' title='bbox 1984 2455 2033 2503; x_wconf 86' lang='lat' dir='ltr'>la</span> <span class='ocrx_word' id='word_1_329' title='bbox 2063 2473 2153 2504; x_wconf 82' lang='lat' dir='ltr'>sua</span> <span class='ocrx_word' id='word_1_330' title='bbox 2181 2455 2458 2522; x_wconf 81' lang='lat' dir='ltr'>perfezione</span> 
     </span>
     <span class='ocr_line' id='line_1_44' title="bbox 1430 2536 2460 2604; baseline 0 -20"><span class='ocrx_word' id='word_1_331' title='bbox 1430 2540 1598 2604; x_wconf 79' lang='lat' dir='ltr'>prima</span> <span class='ocrx_word' id='word_1_332' title='bbox 1649 2537 1777 2587; x_wconf 83' lang='lat' dir='ltr'>della</span> <span class='ocrx_word' id='word_1_333' title='bbox 1825 2538 2188 2600; x_wconf 81' lang='lat' dir='ltr'>coabitazione,</span> <span class='ocrx_word' id='word_1_334' title='bbox 2216 2556 2241 2586; x_wconf 87' lang='lat' dir='ltr'>e</span> <span class='ocrx_word' id='word_1_335' title='bbox 2288 2538 2374 2587; x_wconf 79' lang='lat' dir='ltr'>che</span> <span class='ocrx_word' id='word_1_336' title='bbox 2418 2536 2460 2585; x_wconf 85' lang='lat' dir='ltr'>il</span> 
     </span>
    </p>
   </div>
   <div class='ocr_carea' id='block_1_9' title="bbox 1439 2621 2454 2758">
    <p class='ocr_par' dir='ltr' id='par_1_11' title="bbox 1439 2621 2454 2758">
     <span class='ocr_line' id='line_1_45' title="bbox 1439 2621 2454 2688; baseline -0.002 -18"><span class='ocrx_word' id='word_1_337' title='bbox 1439 2621 1636 2687; x_wconf 76' lang='lat' dir='ltr'>vanyelo</span> <span class='ocrx_word' id='word_1_338' title='bbox 1665 2640 1764 2670; x_wconf 84' lang='lat' dir='ltr'>non</span> <span class='ocrx_word' id='word_1_339' title='bbox 1802 2631 2032 2688; x_wconf 75' lang='lat' dir='ltr'>permette</span> <span class='ocrx_word' id='word_1_340' title='bbox 2078 2622 2119 2669; x_wconf 80' lang='lat' dir='ltr'>il</span> <span class='ocrx_word' id='word_1_341' title='bbox 2156 2621 2370 2669; x_wconf 82' lang='lat' dir='ltr'>divorzio</span> <span class='ocrx_word' id='word_1_342' title='bbox 2406 2637 2454 2669; x_wconf 86' lang='lat' dir='ltr'>se</span> 
     </span>
     <span class='ocr_line' id='line_1_46' title="bbox 1440 2702 2454 2758; baseline -0.002 -8"><span class='ocrx_word' id='word_1_343' title='bbox 1440 2720 1538 2751; x_wconf 86' lang='lat' dir='ltr'>non</span> <span class='ocrx_word' id='word_1_344' title='bbox 1571 2704 1651 2750; x_wconf 86' lang='lat' dir='ltr'>nel</span> <span class='ocrx_word' id='word_1_345' title='bbox 1675 2720 1785 2752; x_wconf 87' lang='lat' dir='ltr'>caso</span> <span class='ocrx_word' id='word_1_346' title='bbox 1812 2704 1868 2751; x_wconf 82' lang='lat' dir='ltr'>di</span> <span class='ocrx_word' id='word_1_347' title='bbox 1897 2702 2130 2750; x_wconf 84' lang='lat' dir='ltr'>adulterio</span> <span class='ocrx_word' id='word_1_348' title='bbox 2148 2740 2161 2758; x_wconf 93' lang='lat'>,</span> <span class='ocrx_word' id='word_1_349' title='bbox 2194 2718 2293 2749; x_wconf 87' lang='lat' dir='ltr'>non</span> <span class='ocrx_word' id='word_1_350' title='bbox 2321 2703 2367 2748; x_wconf 86' lang='lat' dir='ltr'>si</span> <span class='ocrx_word' id='word_1_351' title='bbox 2399 2718 2454 2748; x_wconf 84' lang='lat' dir='ltr'>sa</span> 
     </span>
    </p>
   </div>
   <div class='ocr_carea' id='block_1_10' title="bbox 1439 2785 2460 3684">
    <p class='ocr_par' dir='ltr' id='par_1_12' title="bbox 1439 2785 2460 3684">
     <span class='ocr_line' id='line_1_47' title="bbox 1442 2785 2457 2850; baseline -0.002 -16"><span class='ocrx_word' id='word_1_352' title='bbox 1442 2786 1608 2834; x_wconf 82' lang='lat' dir='ltr'>vedere</span> <span class='ocrx_word' id='word_1_353' title='bbox 1627 2823 1640 2842; x_wconf 92' lang='lat'><em>,</em></span> <span class='ocrx_word' id='word_1_354' title='bbox 1657 2803 1744 2833; x_wconf 85' lang='lat' dir='ltr'>con</span> <span class='ocrx_word' id='word_1_355' title='bbox 1772 2786 1910 2850; x_wconf 82' lang='lat' dir='ltr'>quale</span> <span class='ocrx_word' id='word_1_356' title='bbox 1942 2787 2151 2834; x_wconf 75' lang='lat' dir='ltr'>autoritd</span> <span class='ocrx_word' id='word_1_357' title='bbox 2176 2785 2457 2833; x_wconf 82' lang='lat' dir='ltr'>condannar</span> 
     </span>
     <span class='ocr_line' id='line_1_48' title="bbox 1441 2867 2458 2934; baseline -0.001 -20"><span class='ocrx_word' id='word_1_358' title='bbox 1441 2869 1488 2915; x_wconf 84' lang='lat' dir='ltr'>si</span> <span class='ocrx_word' id='word_1_359' title='bbox 1516 2885 1723 2933; x_wconf 82' lang='lat' dir='ltr'>possano</span> <span class='ocrx_word' id='word_1_360' title='bbox 1755 2870 1867 2932; x_wconf 75' lang='lat' dir='ltr'>quei</span> <span class='ocrx_word' id='word_1_361' title='bbox 1899 2868 1981 2915; x_wconf 79' lang='lat' dir='ltr'>che</span> <span class='ocrx_word' id='word_1_362' title='bbox 2008 2869 2296 2934; x_wconf 79' lang='lat' dir='ltr'>pretendono</span> <span class='ocrx_word' id='word_1_363' title='bbox 2321 2904 2336 2924; x_wconf 91' lang='lat'><em>,</em></span> <span class='ocrx_word' id='word_1_364' title='bbox 2374 2867 2458 2914; x_wconf 77' lang='lat' dir='ltr'>che</span> 
     </span>
     <span class='ocr_line' id='line_1_49' title="bbox 1443 2949 2460 3015; baseline -0.003 -14"><span class='ocrx_word' id='word_1_365' title='bbox 1443 2952 1483 3001; x_wconf 84' lang='lat' dir='ltr'>il</span> <span class='ocrx_word' id='word_1_366' title='bbox 1506 2950 1629 2998; x_wconf 78' lang='lat' dir='ltr'>nodo</span> <span class='ocrx_word' id='word_1_367' title='bbox 1669 2949 1746 2998; x_wconf 84' lang='lat' dir='ltr'>del</span> <span class='ocrx_word' id='word_1_368' title='bbox 1773 2953 2083 2998; x_wconf 84' lang='lat' dir='ltr'>matrimonio</span> <span class='ocrx_word' id='word_1_369' title='bbox 2125 2967 2220 2998; x_wconf 85' lang='lat' dir='ltr'>non</span> <span class='ocrx_word' id='word_1_370' title='bbox 2246 2950 2460 3015; x_wconf 79' lang='lat' dir='ltr'>rompasi</span> 
     </span>
     <span class='ocr_line' id='line_1_50' title="bbox 1446 3034 2459 3101; baseline -0.002 -18"><span class='ocrx_word' id='word_1_371' title='bbox 1446 3035 1575 3084; x_wconf 77' lang='lat' dir='ltr'>dalla</span> <span class='ocrx_word' id='word_1_372' title='bbox 1594 3035 1891 3101; x_wconf 79' lang='lat' dir='ltr'>professione</span> <span class='ocrx_word' id='word_1_373' title='bbox 1905 3034 2096 3082; x_wconf 72' lang='lat' dir='ltr'>solenne</span> <span class='ocrx_word' id='word_1_374' title='bbox 2114 3036 2166 3082; x_wconf 81' lang='lat' dir='ltr'>di</span> <span class='ocrx_word' id='word_1_375' title='bbox 2192 3034 2425 3099; x_wconf 78' lang='lat' dir='ltr'>reliqione</span> <span class='ocrx_word' id='word_1_376' title='bbox 2439 3054 2459 3091; x_wconf 89' lang='lat'><em>;</em></span> 
     </span>
     <span class='ocr_line' id='line_1_51' title="bbox 1446 3117 2456 3184; baseline -0.004 -16"><span class='ocrx_word' id='word_1_377' title='bbox 1446 3129 1577 3168; x_wconf 80' lang='lat' dir='ltr'>tanto</span> <span class='ocrx_word' id='word_1_378' title='bbox 1598 3120 1696 3184; x_wconf 62' lang='lat' dir='ltr'>piis</span> <span class='ocrx_word' id='word_1_379' title='bbox 1735 3118 1817 3165; x_wconf 80' lang='lat' dir='ltr'>che</span> <span class='ocrx_word' id='word_1_380' title='bbox 1859 3118 1904 3165; x_wconf 80' lang='lat' dir='ltr'>la</span> <span class='ocrx_word' id='word_1_381' title='bbox 1931 3117 2166 3166; x_wconf 63' lang='lat' dir='ltr'>solennis&amp;</span> <span class='ocrx_word' id='word_1_382' title='bbox 2198 3117 2320 3166; x_wconf 79' lang='lat' dir='ltr'>della</span> <span class='ocrx_word' id='word_1_383' title='bbox 2339 3133 2456 3183; x_wconf 80' lang='lat' dir='ltr'>pro-</span> 
     </span>
     <span class='ocr_line' id='line_1_52' title="bbox 1442 3202 2458 3267; baseline -0.003 -17"><span class='ocrx_word' id='word_1_384' title='bbox 1442 3203 1651 3264; x_wconf 76' lang='lat' dir='ltr'>fessione</span> <span class='ocrx_word' id='word_1_385' title='bbox 1682 3203 1706 3248; x_wconf 80' lang='grc' dir='ltr'><em>ἐ</em></span> <span class='ocrx_word' id='word_1_386' title='bbox 1744 3219 1846 3249; x_wconf 80' lang='lat' dir='ltr'>una</span> <span class='ocrx_word' id='word_1_387' title='bbox 1886 3218 1996 3249; x_wconf 84' lang='lat' dir='ltr'>cosa</span> <span class='ocrx_word' id='word_1_388' title='bbox 2036 3202 2088 3250; x_wconf 66' lang='lat' dir='ltr'>di</span> <span class='ocrx_word' id='word_1_389' title='bbox 2117 3202 2280 3250; x_wconf 74' lang='lat' dir='ltr'>diritto</span> <span class='ocrx_word' id='word_1_390' title='bbox 2304 3216 2458 3267; x_wconf 73' lang='lat' dir='ltr'>para-</span> 
     </span>
     <span class='ocr_line' id='line_1_53' title="bbox 1447 3284 2456 3350; baseline -0.003 -18"><span class='ocrx_word' id='word_1_391' title='bbox 1447 3294 1600 3333; x_wconf 76' lang='lat' dir='ltr'>mem&#39;e</span> <span class='ocrx_word' id='word_1_392' title='bbox 1615 3284 1928 3334; x_wconf 84' lang='lat' dir='ltr'>ecclesiastico</span> <span class='ocrx_word' id='word_1_393' title='bbox 1945 3322 1958 3345; x_wconf 88' lang='grc'><em>,</em></span> <span class='ocrx_word' id='word_1_394' title='bbox 1984 3296 2068 3333; x_wconf 85' lang='lat' dir='ltr'>etc.</span> <span class='ocrx_word' id='word_1_395' title='bbox 2080 3286 2201 3350; x_wconf 83' lang='lat' dir='ltr'>(Vid.</span> <span class='ocrx_word' id='word_1_396' title='bbox 2220 3285 2456 3333; x_wconf 80' lang='lat' dir='ltr'>translatio</span> 
     </span>
     <span class='ocr_line' id='line_1_54' title="bbox 1448 3365 2453 3436; baseline -0.005 -19"><span class='ocrx_word' id='word_1_397' title='bbox 1448 3370 1590 3417; x_wconf 80' lang='lat' dir='ltr'>latina</span> <span class='ocrx_word' id='word_1_398' title='bbox 1624 3371 1765 3436; x_wconf 85' lang='lat' dir='ltr'>hujus</span> <span class='ocrx_word' id='word_1_399' title='bbox 1787 3369 1874 3418; x_wconf 89' lang='lat' dir='ltr'>loci</span> <span class='ocrx_word' id='word_1_400' title='bbox 1898 3370 1955 3417; x_wconf 86' lang='lat' dir='ltr'>ad</span> <span class='ocrx_word' id='word_1_401' title='bbox 1974 3369 2146 3417; x_wconf 86' lang='lat' dir='ltr'>calcem</span> <span class='ocrx_word' id='word_1_402' title='bbox 2162 3365 2453 3427; x_wconf 85' lang='lat' dir='ltr'>voluminis).</span> 
     </span>
     <span class='ocr_line' id='line_1_55' title="bbox 1440 3451 2457 3519; baseline -0.006 -18"><span class='ocrx_word' id='word_1_403' title='bbox 1440 3454 1614 3501; x_wconf 85' lang='lat' dir='ltr'>Verum</span> <span class='ocrx_word' id='word_1_404' title='bbox 1639 3453 1835 3519; x_wconf 86' lang='lat' dir='ltr'>cfr.quae</span> <span class='ocrx_word' id='word_1_405' title='bbox 1854 3452 2072 3501; x_wconf 83' lang='lat' dir='ltr'>adversus</span> <span class='ocrx_word' id='word_1_406' title='bbox 2091 3451 2301 3517; x_wconf 88' lang='lat' dir='ltr'>Sarpium</span> <span class='ocrx_word' id='word_1_407' title='bbox 2316 3451 2457 3513; x_wconf 89' lang='lat' dir='ltr'>scrip-</span> 
     </span>
     <span class='ocr_line' id='line_1_56' title="bbox 1439 3531 2460 3598; baseline -0.005 -13"><span class='ocrx_word' id='word_1_408' title='bbox 1439 3540 1496 3585; x_wconf 84' lang='lat' dir='ltr'>sit</span> <span class='ocrx_word' id='word_1_409' title='bbox 1516 3536 1943 3598; x_wconf 84' lang='lat' dir='ltr'>Card.Pallavicini,</span> <span class='ocrx_word' id='word_1_410' title='bbox 1959 3535 2138 3584; x_wconf 85' lang='lat' dir='ltr'>Istoria</span> <span class='ocrx_word' id='word_1_411' title='bbox 2155 3532 2230 3581; x_wconf 88' lang='lat' dir='ltr'>del</span> <span class='ocrx_word' id='word_1_412' title='bbox 2244 3531 2460 3581; x_wconf 79' lang='lat' dir='ltr'>Concilio</span> 
     </span>
     <span class='ocr_line' id='line_1_57' title="bbox 1440 3618 2402 3684; baseline -0.003 -17"><span class='ocrx_word' id='word_1_413' title='bbox 1440 3621 1493 3667; x_wconf 84' lang='lat' dir='ltr'>di</span> <span class='ocrx_word' id='word_1_414' title='bbox 1522 3618 1693 3668; x_wconf 79' lang='lat' dir='ltr'>Trento</span> <span class='ocrx_word' id='word_1_415' title='bbox 1716 3656 1731 3676; x_wconf 92' lang='lat'><em>,</em></span> <span class='ocrx_word' id='word_1_416' title='bbox 1763 3619 1847 3668; x_wconf 94' lang='lat' dir='ltr'>lib.</span> <span class='ocrx_word' id='word_1_417' title='bbox 1884 3636 2037 3679; x_wconf 82' lang='lat' dir='ltr'>xxm,</span> <span class='ocrx_word' id='word_1_418' title='bbox 2065 3636 2161 3684; x_wconf 85' lang='lat' dir='ltr'>cap.</span> <span class='ocrx_word' id='word_1_419' title='bbox 2183 3632 2216 3681; x_wconf 89' lang='lat'>9</span> <span class='ocrx_word' id='word_1_420' title='bbox 2235 3654 2250 3679; x_wconf 86' lang='lat'><strong>,</strong></span> <span class='ocrx_word' id='word_1_421' title='bbox 2279 3635 2323 3664; x_wconf 89' lang='lat' dir='ltr'>u.</span> <span class='ocrx_word' id='word_1_422' title='bbox 2353 3631 2402 3679; x_wconf 90' lang='lat'>7.</span> 
     </span>
    </p>
   </div>
  </div>
 </body>
</html>
