2508 4120
2097 162 2217 222 299

465 189 589 227 GAP.
638 190 724 226 ΙΙΙ.
772 188 842 224 DE
884 182 1283 224 IMPEmMEN'mS
1326 181 1685 237 MATRIM0N117
1729 182 1848 222 Erc-

101 330 198 412 qui
213 330 651 389 Sacramentum
668 351 700 389 a
718 330 1088 390 Matrimonio
1108 327 1358 387 civiliter
1372 328 1517 386 inito
1533 348 1802 408 separare
1817 326 1927 385 nisi
1945 336 2082 384 sunt
2098 326 2211 407 (1).

98 427 180 484 Ex
216 424 328 483 illis
356 424 627 483 nonnulli
654 423 798 483 adeo
825 435 963 483 sunt
994 425 1323 504 progressi,
1360 434 1427 480 ut
1455 443 1577 480 non
1620 420 2022 485 dubitaverint
2057 420 2212 480 affir-

99 540 284 595 mare7
311 520 372 578 in
403 519 642 578 arbitrio
670 518 930 578 fidelium
955 519 1334 576 constitutum
1363 537 1484 589 esse
1499 518 1620 577 sive
1635 515 1824 575 solum
1848 527 2212 576 contractum

100 615 286 689 inire,
329 616 451 675 sive
492 625 771 696 praeterea
815 614 1257 671 Sacramentum
1302 612 1551 690 conjugii
1594 612 1884 692 suscipere
1938 614 2050 691 (2).
2100 611 2214 672 Sed

104 710 363 782 frustra3
415 709 558 768 dum
601 709 759 768 enim
794 707 1055 766 Christus
1097 705 1457 784 conjugalem
1500 707 1963 784 conjunctionem
2001 707 2111 767 viri
2153 718 2215 767 et

105 804 365 862 mulieris
400 804 473 862 ad
511 803 878 881 originariam
925 801 1188 860 divinam
1231 801 1657 860 institutionem
1686 803 1984 862 revocavit
2006 847 2022 877 .,
2056 814 2115 862 et
2149 804 2212 861 in

100 898 348 958 Ecclesia
383 920 483 957 sua
510 900 945 957 Sacramentum
977 917 1102 956 esse
1138 895 1361 970 voluit,
1402 893 1512 954 hoc
1546 897 1672 977 ipso
1710 918 1828 955 una
1862 899 2081 979 pariter
2104 919 2213 957 vo-

97 992 207 1052 luit
228 1038 244 1068 ,
276 1005 342 1052 ut
368 992 565 1053 fideles
589 993 770 1073 gratia
793 1014 895 1052 sua
917 1001 1224 1051 uterentur
1243 1035 1260 1065 ,
1305 1012 1372 1050 ac
1399 989 1645 1072 proinde
1684 1013 1804 1050 non
1835 991 2005 1052 aliter
2033 1013 2214 1073 quam

95 1089 338 1147 servatis
371 1088 739 1146 conscientiae
785 1098 844 1147 et
879 1085 1142 1145 Ecclesiae
1185 1084 1407 1164 legibus
1461 1107 1531 1144 ac
1572 1086 1876 1167 praeceptis
1908 1087 1971 1144 in
2023 1085 2215 1146 foedus

94 1182 357 1263 nuptiale
380 1181 774 1242 'coalescerent
812 1180 920 1263 (3)
965 1183 1156 1254 Quare
1190 1185 1358 1258 juxta
1406 1182 1692 1263 principia
1741 1182 1875 1241 fidei
1917 1182 2214 1242 catholicae

94 1276 338 1357 quodvis
352 1277 674 1358 legitimum
691 1277 1125 1336 Matrimonium
1147 1278 1585 1335 Sacramentum
1610 1278 1686 1336 sit
1707 1289 1959 1359 oportet.
1991 1279 2214 1352 Quem-

96 1372 414 1431 admodum
456 1394 595 1433 vero
633 1373 852 1454 quaevis
893 1372 968 1430 ad
1005 1371 1361 1454 operandam
1412 1383 1686 1432 aeternam
1731 1373 1982 1433 salutem
2044 1374 2214 1432 insti—

96 1478 222 1528 tuta
248 1511 264 1541 ‚
298 1467 694 1547 divinitusque
730 1467 997 1526 ordinata
1034 1467 1226 1526 media
1258 1466 1521 1527 Ecclesiae
1556 1468 2095 1541 essentialiarsunt,
2132 1468 2213 1527 ita

93 1561 432 1620 eorumdem
455 1561 785 1621 mediorum
816 1583 954 1620 usus
987 1574 1047 1620 et
1072 1562 1362 1643 susceptio
1395 1562 1740 1643 neutiquam
1775 1561 1851 1621 ab
1878 1562 2119 1621 arbitrio
2148 1583 2216 1622 ac

92 1655 457 1739 beneplacito
486 1658 554 1717 iis
579 1658 667 1716 uti
689 1657 1052 1738 cupientium
1078 1657 1344 1739 pendent
1367 1657 1479 1736 (4).
1507 1656 1657 1716 Cum
1677 1678 1818 1718 vero
1842 1657 2005 1716 nulla
2035 1657 2214 1717 seculi

166 1846 231 1924 (l)
268 1861 367 1910 Cfr.
386 1862 667 1929 Roskovany
686 1898 700 1925 ,
722 1879 800 1927 op.
827 1864 951 1910 citat.
971 1859 997 1926 S
1018 1859 1103 1928 49.

166 1942 235 2006 (2)
270 1943 403 1992 Hanc
428 1947 700 1992 sententiam
726 1944 948 1992 adstruxit
970 1943 1107 1991 Kfist-

95 2041 180 2072 ner
197 2062 210 2083 ,
248 2023 330 2073 De
348 2027 657 2073 matrimonio
670 2060 688 2087 ,
717 2041 825 2091 pag.
845 2022 912 2092 49
927 2058 944 2085 ,
979 2024 1103 2089 Lips.

101 2103 243 2154 1810.

165 2187 229 2252 (3)
270 2186 369 2236 Cfr.
434 2188 703 2236 Pallavicini
737 2225 750 2247 ,
811 2186 995 2236 Istoria
1033 2187 1111 2235 del

94 2268 237 2317 Cone.
263 2270 330 2320 di,
353 2268 557 2326 Tremo,
591 2269 676 2318 lib.
705 2287 829 2329 xxii,
857 2287 960 2334 cap.
989 2267 1038 2318 8.

161 2350 231 2415 (k)
269 2350 367 2398 Cfr.
400 2350 744 2410 Lue.Ferraris‚
770 2347 1002 2417 Prompta
1028 2351 1103 2400 bi·

93 2432 322 2481 bliotheca
343 2450 516 2482 canon.
529 2436 622 2482 vol.
641 2454 686 2495 v,
699 2451 900 2499 pagam
917 2474 929 2495 ‚
946 2436 1106 2484 Romae

103 2512 225 2580 1767
245 2534 263 2571 ;
293 2513 447 2562 Gerdil
470 2551 483 2573 ‚
522 2516 736 2562 Trattato
771 2514 846 2562 del
871 2517 1102 2566 [Mate-im.

94 2606 214 2660 part.
240 2612 256 2642 1
279 2631 292 2654 ‚
321 2594 346 2661 S
373 2612 389 2644 1
417 2612 430 2657 ;
457 2595 620 2644 Devoti
639 2633 652 2655 ‚
683 2595 905 2645 Instituta
931 2613 1102 2647 canon.

94 2687 209 2725 tom.
229 2693 294 2739 11,
324 2696 427 2742 pag.
466 2676 558 2740 164
579 2715 592 2738 ‚
617 2678 728 2725 edit.
759 2677 923 2728 Venet.
961 2678 1104 2729 1822.
1132 2734 1136 2739 ,

94 2760 268 2809 Verum
286 2771 461 2825 praestat
483 2761 739 2808 doctrinam
764 2772 968 2809 nostram
991 2779 1105 2810 con-

93 2843 277 2891 firmare
301 2846 568 2890 auctoritate
591 2843 860 2891 adversariis
889 2862 984 2891 non
1002 2862 1103 2894 sus·

94 2935 249 2989 pecta,
281 2943 448 2989 nempe
471 2934 570 2972 tum
595 2926 762 2992 synodi
788 2925 1070 2975 pistoriensis
1086 2964 1100 2988 ,

94 3013 192 3051 tum
226 3002 433 3069 ejusdem
467 3007 631 3070 synodi
652 3009 858 3055 acerrimi
891 3008 1103 3058 defenso-

88 3088 149 3134 ris
173 3122 188 3149 ‚
208 3087 418 3153 Episcopi
432 3088 688 3138 Naulensis.
712 3087 788 3138 Sic
807 3093 949 3155 igitur
964 3111 1103 3158 syno-

92 3169 179 3216 dus
203 3169 410 3235 loquitur
425 3174 474 3217 in
498 3170 620 3219 decr.
643 3171 722 3218 De
745 3169 966 3223 Matrim.
985 3173 1059 3239 §6
1084 3193 1098 3223 ε

92 3248 190 3297 Che
220 3249 412 3298 sebbene
456 3249 497 3298 il
525 3260 752 3299 contratto
782 3269 883 3300 ‘non
910 3255 1102 3303 include

87 3329 470 3379 essenzialmeme
497 3349 522 3379 e
545 3333 598 3379 di
620 3350 708 3380 sua
737 3341 914 3382 natura
943 3334 984 3382 il
1003 3332 1100 3386 Sa-

87 3421 359 3473 cramento‚
403 3429 502 3461 non
537 3416 583 3462 si
621 3415 718 3479 pud
759 3415 987 3479 inferire,
1019 3417 1104 3467 che

87 3497 162 3542 sia
197 3496 252 3541 in
285 3495 487 3543 arbitrio
510 3493 587 3543 ἅθ’
604 3495 752 3560 fedeli
775 3496 817 3544 il
841 3498 1099 3564 separat-lo.

88 3576 231 3623 Anzi
253 3577 446 3625 essendo
474 3585 593 3626 stato
607 3577 848 3627 instituito
864 3579 904 3626 il
920 3576 1104 3631 Sacra-

90 3666 243 3706 memo
262 3675 355 3724 per
381 3658 616 3723 oonserire
648 3658 694 3707 la
734 3661 908 3723 grazia
935 3678 1094 3711 neces-

1188 1861 1324 1911 saria
1355 1876 1387 1906 a
1419 1868 1650 1908 sostenere
1678 1860 1721 1909 il
1735 1877 1850 1926 peso
1886 1860 2166 1927 conjuqale‚
2189 1864 2215 1909 ἐ

1188 1942 1357 1991 chiaro
1378 1941 1630 2007 ilprecetto
1646 1942 1700 1990 di
1719 1940 1947 1992 reoeoerlo
1964 1981 1978 2005 ,
1997 1961 2022 1991 e
2037 1943 2216 2009 quindi

1189 2024 1231 2072 il
1281 2023 1580 2072 tralaaoiarlo
1622 2024 1814 2073 sarebbe
1863 2024 1995 2091 farsi
2032 2042 2112 2073 reo
2160 2024 2218 2073 df

1185 2123 1332 2172 qrave
1362 2106 1522 2172 culpa.
1573 2106 1672 2156 Cfr.
1708 2107 1818 2156 Atti
1847 2125 1872 2156 e
1910 2106 2104 2156 Dec-reti
2136 2106 2216 2155 del

1189 2187 1393 2236 concilio
1445 2186 1714 2236 Diocesano
1763 2188 1819 2252 di
1868 2187 2058 2255 Pistqja
2107 2187 2215 2236 dell’

1189 2287 1319 2318 anno
1365 2268 1513 2335 1786.
1561 2271 1688 2319 Alter
1727 2289 1836 2321 vero
1867 2272 2024 2320 scribit
2058 2289 2073 2319 ε
2112 2269 2214 2319 Per

1187 2352 1297 2418 que'
1334 2354 1559 2418 Teokyi,
1602 2357 1626 2402 i
1665 2355 1802 2419 quali
1844 2346 2044 2420 tehqono
2088 2371 2213 2403 esser

1185 2434 1269 2482 nel
1303 2435 1628 2483 Matrimonia
1657 2435 1786 2500 deqli
1802 2437 1934 2502 spoei
1966 2437 2213 2484 Cri-seiani

1188 2515 1517 2579 inseparabile
1537 2516 1585 2563 la
1613 2516 1800 2581 qualit&
1823 2518 1878 2565 di
1900 2518 2210 2566 Sacramenta

1186 2595 1311 2643 della
1345 2596 1539 2658 Chiesa,
1567 2597 1631 2644 da
1648 2597 1796 2662 quello
1822 2598 1879 2646 di
1901 2614 2079 2646 amano
2092 2614 2209 2646 con-

1186 2686 1328 2726 tratto
1350 2715 1363 2736 ‚
1395 2677 1442 2725 Ia
1476 2678 1687 2728 dottrina
1726 2679 1849 2728 della
1881 2680 2101 2730 suddetta
2117 2699 2208 2748 po-

1157 2779 1160 2782 ·
1186 2759 1316 2807 desid
1345 2760 1616 2824 oriqinaria
1645 2762 1789 2826 potr&
1819 2762 2056 2828 riputarsi
2078 2780 2209 2812 come

1186 2859 1288 2889 una
1317 2859 1647 2906 consequenza
1683 2843 1739 2892 di
1764 2853 1928 2909 questa
1967 2845 2205 2894 indivisi-

1184 2923 1328 2973 hilita
1355 2923 1473 2972 delle
1508 2925 1599 2973 due
1632 2925 1824 2991 qualit&
1851 2926 1908 2975 di
1930 2935 2162 2975 contratto
2184 2962 2200 2986 ‚

1184 3025 1208 3055 e
1241 3008 1294 3055 di
1319 3004 1634 3055 Sacramenta
1655 3045 1668 3067 ‚
1704 3007 1789 3056 che
1811 3009 2114 3057 riconoscono
2127 3008 2208 3057 nel

1185 3092 1514 3139 matrimonio.
1534 3089 1716 3140 Horum
1730 3092 1940 3141 locorum
1965 3093 2112 3141 versio
2132 3092 2202 3140 la-

1184 3173 1280 3227 tina
1323 3173 1411 3235 legi
1452 3183 1599 3237 potest
1628 3172 1688 3221 ad
1724 3175 1898 3222 calcem
1928 3174 2198 3223 voluminis.

1185 3254 1283 3303 Cfr.
1312 3254 1492 3303 Motim‘
1516 3255 1622 3303 dell’
1652 3257 1958 3320 opposizione
1971 3256 2097 3320 satta
2118 3255 2203 3304 dal

1184 3352 1371 3385 vescovo
1397 3337 1451 3384 da·
1472 3336 1592 3384 Noli
1606 3336 1700 3384 alla
1724 3336 2064 3400 publicazione
2076 3337 2198 3386 della

1184 3415 1305 3466 bolla
1328 3417 1379 3466 A
1395 3418 1447 3467 U
1450 3416 1677 3466 CTORE
1683 3417 1746 3464 M
1771 3417 1826 3463 F
1824 3416 2007 3466 IDEI
2027 3419 2087 3467 ad
2112 3420 2201 3468 cal·

1184 3516 1287 3548 cem
1304 3517 1382 3563 op.
1400 3498 1673 3563 Risleasioni
1690 3503 1748 3545 in
1775 3498 1929 3563 diseno
1953 3499 2008 3548 di
2031 3498 2194 3549 Mons.

1184 3578 1410 3647 Scipione
1455 3580 1623 3637 Riooi,
1651 3596 1676 3627 e
1714 3579 1793 3628 del
1816 3598 1904 3630 suo
1942 3571 2111 3631 sinodo
2143 3581 2200 3628 de·

1180 3664 1372 3728 Pistqja
1407 3678 1546 3727 sopra
1568 3660 1615 3710 la
1640 3664 1985 3712 constituzione
2013 3663 2195 3711 Aucto·
