2508 4120
282 89 403 152 224

914 109 1244 149 TRACTATUS
1286 112 1356 147 DE
1401 109 1778 151 mATnmomo.

368 256 467 317 43.
513 258 649 315 Haec
678 253 906 335 potiora
929 264 1275 332 argumenta
1299 264 1439 313 sunt
1459 298 1475 329 ,
1504 252 1716 335 quibus
1734 253 1907 332 hujus
1929 259 2260 338 posterioris
2281 282 2416 320 sen-

285 352 481 412 tentiae
507 347 741 431 patroni
766 368 998 406 causam
1022 370 1189 407 suam
1212 360 1487 423 tuentum,
1519 350 1618 432 qui
1636 361 1917 432 praeterea
1939 350 2273 430 observant,
2306 355 2413 415 ad-

283 446 677 510 versariorum
714 446 970 503 rationes
1011 446 1194 524 magis
1235 448 1519 528 speciosas
1548 467 1672 505 esse
1701 467 1878 527 quam
1913 446 2144 507 solidas·
2184 453 2415 511 Etenim

283 546 528 602 Patrum
566 540 907 599 testimonia
938 542 1221 600 evincunt
1245 541 1518 623 quidem,
1552 542 1991 601 Matrimonium
2016 565 2137 603 esse
2173 566 2299 605 rem
2323 571 2417 608 sa-

285 658 444 698 cram
485 648 696 719 utpote
746 637 1172 697 sanctificatum
1211 659 1243 696 a
1284 637 1515 697 Christo
1565 639 1740 713 Jesu,
1791 639 1890 719 qui
1933 640 2118 698 amori
2167 644 2420 704 naturali

289 755 457 793 suam
489 732 699 811 adjecit
735 733 1018 813 gratiam,
1063 733 1324 816 adeoque
1363 744 1423 792 et
1456 734 1517 791 in
1555 733 1696 792 facie
1730 732 1990 793 Ecclesiae
2030 739 2111 794 ‘ex
2152 736 2421 797 ecclesia-

292 830 453 889 sticis
503 829 790 887 institutis
845 850 909 888 ac
947 828 1171 910 legibus
1217 828 1636 889 celebrandum
1667 850 1789 888 esse
1819 875 1834 904 ,
1883 831 1965 890 ita
2003 841 2070 890 ut
2116 833 2214 914 qui
2258 855 2420 893 secus

284 926 513 985 fecisset
534 970 549 999 ,
577 925 796 1008 peccati
816 946 947 983 reus
975 935 1278 984 teneretur
1299 926 1387 1005 (l)
1412 951 1428 999 ς
1458 937 1518 984 at
1540 925 1783 984 minime
1818 926 2134 1000 evincunt,
2173 930 2419 1008 gratiam

286 1022 541 1082 conferri
577 1043 684 1103 per
709 1021 1031 1080 Sacerdotis
1054 1020 1530 1099 benedictionem
1552 1066 1568 1096 ,
1604 1021 1701 1083 vel
1736 1022 2073 1082 Sacerdotes
2106 1045 2226 1083 esse
2251 1024 2420 1103 hujus

286 1118 648 1177 Sacramenti
668 1117 998 1190 ministroS,
1032 1116 1189 1198 quod
1219 1128 1417 1177 tamen
1444 1116 1517 1176 ab
1543 1116 1887 1178 adversariis
1910 1118 2140 1178 ostendi
2156 1118 2416 1181 deberet.

290 1213 629 1275 Observant
652 1225 934 1296 praeterea
950 1259 966 1288 ,
992 1214 1355 1272 contrarium
1374 1214 1571 1295 potius
1589 1236 1661 1273 ex
1674 1213 1786 1272 illis
1806 1217 2045 1274 Patrum
2075 1216 2423 1275 testimoniis

284 1309 560 1394 probari3
610 1331 743 1370 cum
784 1311 945 1369 enim
987 1309 1142 1368 hanc
1183 1309 1507 1369 Sacerdotis
1551 1308 2025 1370 benedictionem
2061 1312 2328 1371 secundis
2363 1323 2424 1372 et

285 1405 659 1467 ulterioribus
677 1406 900 1489 nuptiis
923 1417 1262 1465 constanter
1278 1417 1402 1464 tota
1428 1405 1803 1485 denegaverit
1839 1407 2193 1488 antiquitast,
2223 1419 2422 1467 tamen

287 1513 489 1562 utrum
521 1523 600 1561 eae
636 1504 759 1563 veri
798 1502 1161 1561 Sacramenti
1209 1502 1329 1561 vim
1363 1500 1681 1560 habuerint
1703 1547 1718 1576 ,
1755 1501 2090 1561 dubitatum
2119 1513 2206 1562 est
2242 1525 2275 1563 a
2307 1525 2422 1563 ne-

290 1600 452 1669 mine
479 1599 587 1678 (2).
625 1597 795 1671 Quod
833 1619 972 1656 vero
1007 1596 1244 1655 additur
1274 1619 1345 1657 ex
1377 1597 1632 1656 Concilio
1662 1597 2158 1677 Carthaginiensi,
2197 1599 2271 1657 de
2306 1600 2422 1657 ritu

290 1692 565 1755 servandi
609 1693 1006 1773 virginitatem
1043 1692 1235 1774 prima
1278 1693 1623 1774 nuptiarum
1664 1704 1872 1767 nocte,
1917 1693 2136 1752 nullius
2183 1716 2420 1774 prorsus

291 1788 568 1873 ponderis
604 1810 727 1849 esse
764 1788 1135 1850 convincitur
1156 1833 1171 1863 ,
1205 1789 1253 1847 si
1285 1789 1434 1847 ratio
1463 1786 1749 1848 habeatur
1788 1788 1941 1848 illius
1988 1790 2252 1870 originis,
2297 1810 2422 1872 quae

295 2057 484 2116 moniiS,
514 2054 823 2116 ostendimus,
848 2055 959 2102 istos
977 2063 1203 2113 auctores,
1223 2070 1320 2102 non

293 2139 445 2187 solum
486 2139 791 2202 patrocinatus
822 2154 919 2185 non
958 2153 1054 2184 esse
1083 2136 1195 2183 huic
1219 2140 1319 2200 opi-

297 2222 448 2279 nioni,
469 2220 545 2267 sed
562 2220 712 2267 eidem
733 2218 871 2283 plane
897 2219 1144 2266 adversari.
1163 2217 1229 2266 Ex
1246 2219 1319 2265 his

291 2313 531 2370 propterea
548 2311 725 2348 constat
743 2336 759 2361 ,
791 2300 972 2348 Canum
994 2304 1203 2348 omnium
1223 2302 1318 2364 pri-

296 2403 431 2434 mum
451 2385 595 2432 fuisse
610 2418 627 2444 ,
654 2386 734 2449 qui
752 2401 854 2432 eam
879 2384 1166 2430 invexeritin
1185 2382 1319 2431 scho-

292 2468 362 2516 las
380 2467 647 2516 catholicas.
669 2464 826 2513 Edidit
850 2483 984 2530 porro
1001 2463 1157 2512 Canus
1175 2481 1317 2512 suum

296 2568 413 2616 opus
464 2551 535 2597 De
577 2548 693 2598 locis
751 2547 946 2612 theoloq.
993 2565 1117 2595 anno
1173 2544 1319 2600 1562.

293 2631 460 2681 Merito
486 2632 680 2697 proinde
700 2631 844 2681 Henr.
862 2631 980 2679 Klee
998 2633 1048 2678 in
1068 2631 1181 2678 diss.
1212 2649 1320 2680 mox

296 2715 482 2763 citanda
501 2750 518 2775 ,
565 2730 670 2779 pag.
708 2712 775 2780 69
796 2751 809 2774 ‚
857 2724 956 2761 not.
1006 2714 1060 2776 (s)
1116 2714 1275 2762 scribit
1301 2731 1315 2762 :

299 2793 541 2845 Melchior
570 2795 737 2843 Canus
761 2795 864 2859 fuit
879 2797 1106 2860 primae,
1131 2798 1218 2859 qui
1232 2813 1317 2859 qe-

295 2876 456 2925 nerali
480 2879 699 2923 omnium
741 2876 1074 2923 admiratione
1100 2883 1143 2921 et
1178 2892 1319 2922 scan-

297 2958 407 3008 dalo
436 2958 699 3024 affirmavit
719 2996 732 3019 ,
758 2956 1087 3005 contrahentes
1108 2973 1204 3004 non
1220 2973 1318 3005 esse

300 3043 569 3093 ministros.

368 3127 440 3191 (1)
479 3123 791 3175 Tertullianus
852 3121 936 3171 lib.
983 3122 1064 3171 De
1103 3121 1317 3189 pudicit.

301 3228 400 3276 cap.
426 3209 475 3274 4,
495 3228 599 3275 pag.
626 3206 722 3274 557
749 3245 761 3267 ,
794 3207 888 3255 edit
906 3206 1071 3271 Rigalt.
1102 3216 1317 3270 testatur,

303 3293 431 3359 quod
490 3292 788 3340 Montanistae
844 3290 1052 3354 plerique
1106 3292 1320 3355 conjugia

302 3374 425 3423 clam
463 3376 577 3422 inita
610 3372 867 3421 adulterina
908 3388 1003 3419 esse
1033 3373 1322 3420 existimave-

304 3458 433 3515 rint,
468 3467 552 3503 aut
579 3455 738 3503 saltem
781 3455 839 3503 de
873 3455 928 3501 iis
966 3471 1026 3501 an
1051 3453 1223 3501 fuerint
1258 3453 1324 3501 le-

306 3539 464 3604 gitima
483 3536 810 3586 dubitaverint.
831 3535 1003 3586 Scribit
1025 3537 1150 3584 enim
1176 3553 1190 3583 :
1211 3534 1329 3583 Ideo

298 3636 449 3688 penes
472 3634 562 3668 noa
581 3618 918 3683 (Montanistas)
939 3617 1134 3686 occultae
1146 3635 1330 3685 quoque

1412 2053 1774 2118 conjunctiones
1796 2090 1807 2112 ,
1827 2052 1882 2099 id
1900 2061 1969 2101 est
1985 2090 1997 2114 ‚
2014 2069 2111 2101 non
2122 2055 2269 2119 prius
2291 2054 2426 2121 apud

1406 2133 1680 2183 Ecclesiam
1713 2135 1944 2200 professoe
1961 2171 1976 2194 ,
1999 2138 2152 2201 juscta
2177 2129 2425 2184 moecliiani

1406 2226 1451 2264 et
1480 2218 1857 2282 fornicationem
1885 2217 2118 2283 judicari
2140 2218 2427 2283 periclitan-

1405 2310 1505 2350 tur.
1537 2300 1642 2349 Nec
1672 2300 1786 2349 inde
1822 2311 2047 2350 consertae
2087 2303 2274 2352 obtentu
2310 2303 2425 2352 Ma-

1406 2384 1630 2430 trimonii
1664 2385 1850 2430 crimen
1889 2383 2097 2433 eludant,
2149 2386 2215 2433 Ex
2256 2387 2427 2452 quibus

1405 2465 1498 2513 duo
1525 2464 1770 2526 habemus,
1805 2484 1972 2530 nempe
2005 2475 2053 2514 1⁰
2083 2468 2205 2532 apud
2235 2468 2428 2535 Psychi-

1406 2565 1482 2595 cos
1504 2585 1517 2606 ‚
1538 2548 1586 2595 id
1606 2558 1672 2595 est
1693 2586 1707 2611 ,
1725 2547 2000 2597 catholicam
2031 2549 2284 2599 Ecclesiam
2314 2569 2427 2600 con-

1402 2633 1530 2697 jugia
1562 2631 1850 2679 clandestina
1888 2635 2075 2697 viguisse
2111 2644 2154 2681 et
2187 2634 2410 2693 valuisse,

1406 2714 1616 2779 adeoque
1644 2714 1784 2761 fuisse
1822 2713 2012 2777 quidam
2040 2717 2177 2763 vetita
2196 2751 2210 2774 ,
2243 2733 2338 2763 non
2366 2725 2427 2763 ta·

1406 2813 1515 2843 men
1550 2796 1792 2842 fornicaria
1826 2804 1870 2842 et
1898 2795 2135 2859 flagitiosa.
2172 2804 2226 2844 2⁰
2245 2795 2427 2846 Monta-

1406 2879 1546 2924 nistas
1568 2876 1625 2924 de
1657 2878 1861 2940 ipsorum
1895 2877 2047 2925 valore
2065 2914 2078 2937 ,
2105 2888 2155 2925 ut
2183 2880 2232 2925 in
2264 2896 2311 2927 re
2330 2880 2420 2927 du-

1405 2958 1513 3017 bia,
1550 2957 1822 3006 deliberasse
1854 2960 1973 3006 inter
2000 2977 2094 3007 sese
2126 2962 2425 3024 opinionibus

1407 3050 1545 3106 atque
1570 3043 1824 3089 sententiis.
1857 3039 1983 3091 Adeo
2014 3053 2225 3107 pervetus
2254 3062 2323 3093 res
2361 3041 2427 3094 est

1408 3132 1510 3170 tum
1537 3122 1707 3170 abusus
1723 3133 1822 3171 tum
1851 3123 1974 3172 valor
1989 3124 2271 3175 Matrimonii
2305 3127 2428 3175 clan-

1410 3204 1599 3253 destini!
1631 3205 1724 3253 Cfr.
1747 3205 1837 3255 Ch.
1864 3204 2044 3270 Lupus,
2081 3208 2186 3257 diss.
2219 3206 2291 3256 De
2307 3225 2423 3274 pec·

1409 3294 1502 3335 cat.
1539 3295 1584 3335 et
1615 3287 1772 3352 eatisf.
1818 3288 2165 3354 indulgentiis,
2204 3308 2302 3356 cap.
2358 3308 2376 3340 1
2403 3327 2417 3347 ‚

1409 3378 1527 3419 tom.
1550 3387 1595 3419 v1
1616 3406 1633 3431 ,
1664 3388 1767 3436 opp.
1798 3370 1915 3419 edit.
1934 3374 2015 3420 cit.

1482 3453 1549 3516 (2)
1586 3452 1686 3504 Cfr.
1721 3452 1971 3503 Martenius
1992 3454 2078 3504 loc.
2111 3456 2237 3504 citat.
2276 3462 2359 3502 art.
2385 3468 2420 3512 1,

1412 3531 1510 3601 §7-
