2612 4146
995 233 1244 272 senona.
2174 205 2248 265 47

223 377 323 438 88.
372 379 450 435 Ut
475 383 612 435 suus
641 385 868 434 constet
898 373 1276 454 indulgentiis
1302 372 1463 434 valor
1483 417 1498 447 .,
1537 393 1657 430 non
1684 391 1766 430 eae
1787 379 2023 428 tantum
2050 370 2246 430 condi-

142 475 327 534 tiones
360 471 654 532 sufficiunt
681 517 697 545 7
731 492 863 552 quae
894 492 1093 529 earum
1122 468 1454 548 largitorem
1487 466 1835 548 respiciunt,
1875 463 1979 524 sed
2011 464 2133 525 aliae
2157 467 2253 524 in-

145 591 321 651 super
360 569 769 651 requiruntur,
808 578 933 625 tum
975 586 1102 646 quae
1138 564 1551 644 suscipientem
1574 573 1702 620 tum
1738 581 1872 643 quae
1898 560 2252 641 elargitionis
2353 562 2360 569 ’

144 687 373 723 causam
392 664 705 743 attingunt.
740 666 824 721 Ita
846 681 1113 744 expresse
1136 658 1305 717 docet
1327 660 1387 717 S.
1413 658 1688 731 Thomas7
1715 656 1970 717 scribens
2003 678 2016 716 :
2041 659 2254 717 Indul-

137 765 353 839 gentioe
372 770 608 817 tantum
636 760 850 837 valent,
870 765 1166 836 quantum
1174 754 1622 835 praedicantur,
1647 753 1967 826 dummodo
1982 775 2054 812 aa·
2071 765 2255 832 parte

143 856 347 914 dantis
391 860 471 913 sit
512 858 840 912 auctoritas
852 895 876 924 ,
918 861 973 909 et
1011 870 1083 908 ea·
1114 858 1296 928 parte
1345 851 1690 925 recipientis
1740 848 2042 920 charitas,
2088 859 2142 906 et
2185 871 2256 908 ea·

137 962 318 1029 parte
350 972 548 1009 causoe
571 954 796 1029 pietas,
822 966 957 1026 quoe
988 943 1432 1023 comprehendit
1468 943 1742 1001 honorem
1767 943 1888 1000 Dei
1912 954 1967 1000 et
1979 949 2261 1022 prooeimi

145 1048 467 1104 uti'lztatem
496 1043 603 1125 (l).

228 1140 325 1200 89.
369 1139 605 1220 Requiri
640 1135 1041 1195 auctoritatem
1082 1155 1154 1192 ex
1183 1143 1349 1214 parte
1388 1130 1615 1206 dantis
1644 1129 1878 1191 abunde
1914 1145 2142 1192 constat
2183 1157 2256 1195 ex

149 1235 321 1294 modo
361 1233 548 1294 dictis,
598 1234 677 1289 Ex
714 1240 880 1311 parte
918 1228 1283 1310 suscipientis
1322 1227 1451 1286 duae
1491 1224 1854 1286 conditiones
1905 1241 2258 1289 concurrant

148 1350 374 1389 necesse
408 1338 496 1387 est
528 1326 603 1385 ad
635 1324 1029 1407 Indulgentias
1068 1322 1399 1382 lucrandas,
1441 1323 1635 1381 Prima
1680 1333 1768 1380 est
1804 1333 1987 1381 status
2023 1324 2255 1402 gratiae3

148 1422 425 1505 quamdiu
470 1421 628 1481 enim
675 1420 882 1501 aliquis
921 1418 1149 1478 debitor
1194 1430 1282 1478 est
1323 1438 1512 1499 poenae
1561 1428 1826 1492 aeternae,
1881 1440 1911 1476 a
1950 1420 2259 1500 temporali

147 1539 322 1612 poena
349 1517 594 1599 peccatis
630 1514 825 1575 debita
863 1513 1087 1574 absolvi
1111 1494 1335 1595 nequit.
1367 1511 1479 1571 Id
1463 1534 1655 1594 ipsum
1688 1511 1913 1571 dicatur
1951 1513 2064 1572 de
2048 1535 2261 1574 nnmu-

146 1604 328 1672 nitate
359 1635 391 1671 a
421 1611 589 1693 culpa
614 1612 788 1671 etiam
811 1609 927 1670 levi
960 1609 1153 1691 quo'ad
1180 1608 1670 1668 condonationem
1694 1607 1850 1666 illius
1865 1630 2072 1716 ‘poenae
2103 1620 2259 1670 tem-

147 1707 394 1790 poraliS,
435 1728 564 1787 quae
606 1707 793 1766 eidem
835 1705 1188 1786 respondet3
1230 1703 1304 1763 ad
1339 1703 1450 1762 hoc
1496 1714 1728 1776 autem,
1770 1703 1881 1762 nisi
1917 1703 2075 1763 aliud
2119 1726 2262 1787 prae-

147 1801 461 1875 scribatur,
500 1801 710 1860 sufficit
749 1802 1036 1860 contritio·
1064 1801 1214 1858 Hinc
1245 1811 1332 1859 est
1357 1798 1514 1881 quod
1539 1799 1842 1857 Pontifices
1866 1798 2262 1879 Indulgentias

148 1919 268 1955 non
299 1895 621 1956 concedant
649 1896 760 1954 nisi
791 1917 920 1954 vere
941 1895 1369 1974 paenitentibus
1394 1904 1450 1952 et
1464 1897 1754 1952 cont-ritis.
1779 1894 1971 1954 Altera
1997 1895 2259 1955 conditio

151 2002 238 2050 est
260 1993 469 2073 positio
495 2012 738 2072 operum
759 2037 774 2066 7
800 2011 924 2071 quae
955 2012 987 2048 a
1012 1990 1288 2048 Pontifice
1313 1988 1406 2049 vel
1443 1989 1723 2070 Episcopo
1753 1989 2119 2068 assignantur
2138 2037 2153 2065 ,
2197 2003 2263 2051 ut

150 2107 256 2168 per
281 2108 341 2145 se
370 2097 550 2167 patet.
576 2088 707 2144 Non
738 2085 952 2144 desunt
974 2084 1072 2166 qui
1099 2083 1345 2143 doceant
1363 2129 1378 2158 ,
1396 2094 1607 2165 praeter
1631 2084 1772 2143 duas
1790 2085 2102 2144 recensitas
2119 2109 2262 2145 con-

151 2180 397 2239 ditiones
414 2181 631 2262 requiri
646 2182 708 2238 in
722 2180 1068 2261 suscipiente
1085 2184 1375 2237 eoeimiam
1392 2181 1745 2238 charitatem
1764 2179 1838 2237 ad
1858 2180 2258 2260 Indulgentias

150 2275 438 2356 plenarias
468 2274 792 2334 lucrandas,
835 2276 1048 2334 Verum
1079 2275 1125 2332 si
1163 2275 1242 2332 ita
1282 2285 1474 2349 esset,
1516 2273 1665 2332 nihil
1703 2287 2028 2355 superesset
2059 2277 2264 2336 Indul-

152 2370 356 2448 gentiae
377 2415 392 2445 ⁷
432 2392 564 2429 cum
592 2369 877 2448 ejusmodi
902 2368 1150 2428 charitas
1188 2369 1382 2427 omnia
1415 2368 1625 2428 deleat.
1666 2370 1844 2428 Porro
1882 2370 2126 2439 Ecclesia
2160 2395 2264 2454 per

156 2463 546 2544 Indulgentias
563 2485 838 2543 magnum
853 2463 1073 2545 aliquid
1102 2463 1240 2523 dare
1267 2463 1523 2523 intendit
1541 2509 1556 2537 .,
1582 2464 1740 2544 quod
1759 2487 1879 2523 non
1902 2488 1933 2524 a
1958 2467 2260 2543 charitate,

156 2559 255 2616 sed
283 2581 322 2616 a
337 2569 615 2637 potestate
648 2561 912 2622 clavium
936 2558 1190 2639 pendeat
1228 2559 1338 2639 (2).

247 2652 345 2710 90.
397 2652 636 2733 Exposci
666 2651 903 2710 demum
931 2652 1006 2710 ad
1033 2651 1415 2730 Indulgentiae
1436 2650 1693 2711 valorem
1720 2652 1975 2735 aliquam
1997 2657 2260 2735 causam*7

156 2758 320 2828 patet
345 2769 416 2806 ex
449 2748 552 2821 iis,
595 2768 722 2828 quae
752 2746 930 2806 habet
970 2734 1143 2806 Conc.
1184 2748 1570 2812 Lateranense
1606 2749 1678 2806 IV
1704 2794 1721 2824 ‚
1774 2748 1917 2808 dum
1958 2752 2039 2810 ait
2080 2774 2094 2810 ε
2138 2753 2267 2811 Per

155 2844 509 2901 indiscretas
544 2853 598 2900 et
640 2842 976 2922 superfluas
1011 2842 1436 2921 Indulgentiaa
1468 2845 1655 2902 claves
1689 2845 1972 2904 Ecclesioe
2005 2858 2267 2906 contem-

156 2948 426 3012 uantur,
454 2939 956 3016 etpoenitentialis
980 2940 1309 3014 satisfactio
1332 2949 1657 2997 enervatur
1676 2937 1783 3019 (3).
1812 2941 1856 2998 A
1888 2942 1944 2999 S.
1978 2942 2264 3022 Cypriano

60 3084 61 3087 ,
159 3030 437 3108 ejusmodi
477 3030 805 3090 inconsulta
848 3030 1231 3112 Indulgentiae
1275 3031 1500 3111 largitio
1539 3032 1750 3105 dicitur
1787 3037 1976 3093 irrita
2016 3048 2073 3095 et
2101 3039 2267 3116 falsa

149 3147 280 3204 pax
303 3169 327 3196 ,
354 3128 692 3205 periculosa
717 3128 1005 3186 dantibus
1020 3169 1043 3198 ,
1066 3138 1120 3185 et
1147 3122 1309 3186 nihil
1335 3129 1774 3207 accipientibus
1792 3133 2126 3208 profutura
2151 3131 2260 3213 (4).

165 3355 446 3421 beneplacito
467 3359 874 3422 pendeatipsarum
901 3361 1170 3424 acceptatio,
1324 3358 1393 3423 (2)
1426 3358 1524 3408 cfr.
1544 3359 1797 3409 Andreucci
1827 3397 1840 3417 ‚
1865 3358 1945 3408 De
1971 3362 2212 3426 requisitis
2225 3373 2271 3413 et

168 3439 385 3486 mathesis
412 3439 587 3488 nullam
621 3449 766 3504 potest
800 3443 1168 3504 supputationem
1257 3456 1356 3488 non
1375 3443 1622 3506 requisitis
1636 3441 1700 3489 ad
1716 3440 1980 3490 lucrandas
1997 3442 2267 3510 Indulgen-

165 3523 404 3568 instituere
427 3557 441 3579 ‚
471 3537 556 3568 nec
577 3521 812 3584 problema
833 3521 1024 3570 solvere.
1254 3523 1371 3585 tiae,
1400 3523 1556 3570 Romae
1586 3560 1599 3582 ,
1641 3520 1786 3590 ¹759·

236 3603 306 3665 (l)
343 3601 514 3667 Suppl.
551 3621 598 3668 q.
623 3602 716 3664 25,
736 3613 826 3653 art.
851 3619 898 3652 2.
1324 3603 1388 3668 (3)
1426 3603 1539 3652 Loc.
1565 3606 1648 3652 cit.

1324 3687 1392 3751 (4)
1429 3685 1533 3735 Lib.
1553 3685 1633 3734 De
1653 3685 1804 3753 lapsis
1820 3723 1838 3752 ‚
1863 3707 1972 3758 pag.
2002 3688 2095 3740 186
2113 3727 2128 3747 ,
2153 3690 2267 3741 edit.
