2508 4120
505 204 626 241 CAP.
670 205 737 240 11.
785 204 852 239 DE
896 200 1239 240 mammona
1282 175 1751 240 Paoramra'riBUS.
2062 177 2180 237 233

916 343 1387 385 DIFFICULTATES.

169 496 266 554 58.
316 494 446 574 Obj.
484 496 547 553 10
575 494 910 576 ApostOIUS,
939 496 962 553 Ι
992 494 1067 553 ad
1089 494 1340 553 Timoth.
1369 495 1470 567 III,
1495 494 1558 567 2,
1582 491 1818 564 docenS,
1838 492 2180 573 Episcopum

85 602 350 671 oportere
379 594 576 648 vettius
611 595 822 648 umoris
845 593 1048 647 virum
1086 610 1207 647 esse
1232 633 1248 661 ,
1281 586 1416 645 satis
1438 597 1635 668 aperte
1666 586 1916 660 indicat,
1943 609 2048 667 pro
2073 589 2109 645 J
2114 610 2183 645 u.-

85 685 341 744 claeorum
372 707 532 743 more
569 684 692 742 aliis
725 706 970 743 uxorum
1005 682 1396 763 pluralitatem
1430 703 1594 761 posse
1623 682 1875 740 concedi.
1914 684 1982 740 20
2016 681 2182 755 Quod

81 779 263 859 probe
286 779 573 837 intellexit
597 779 912 859 imperator
938 776 1377 842 Valentinianus
1401 779 1422 832 Ι
1444 820 1460 848 ,
1489 777 1613 855 qui,
1640 787 1787 836 teste
1817 777 2047 835 Socrate
2071 775 2179 856 (l),

80 872 265 951 legem
297 873 429 932 tulit
450 918 466 946 ,
492 885 556 930 ut
579 877 768 932 cuivis
788 876 983 931 liceret
1004 873 1159 929 duas
1185 873 1373 929 simul
1391 871 1605 928 habere
1629 893 1839 930 uxores
1856 874 2181 951 leyz‘timas;

80 978 290 1048 atque,
316 980 381 1025 ut
405 968 670 1047 exemplo
698 967 883 1044 legem
907 967 1184 1040 firmaret,
1203 965 1494 1023 Justinam
1527 965 1727 1038 duxit,
1756 967 1963 1025 Severa
1993 966 2182 1024 adhuc

78 1061 345 1120 vivente·
333 1108 349 1139 ,
381 1061 538 1142 quod
572 1062 636 1119 3⁰
664 1072 723 1119 et
744 1061 940 1119 secisse
962 1064 1284 1140 Imperator
1314 1059 1463 1118 alter
1489 1059 1789 1118 Lotharius
1813 1059 2174 1144 perhibetur.

77 1154 143 1212 40
168 1156 356 1227 Quare
386 1156 691 1234 Gregorius
722 1156 797 1227 ΙΙ,
818 1157 878 1212 in
901 1155 1070 1236 epist.
1105 1155 1181 1213 ad
1217 1154 1602 1228 Bonifacium,
1643 1154 1873 1213 cuidam
1903 1154 2178 1231 indulsit,

74 1260 141 1307 ut
176 1262 414 1330 propter
458 1251 650 1314 uxoris
682 1270 793 1308 suae
831 1250 1234 1308 infirmitatem
1276 1249 1448 1307 aliam
1486 1247 1810 1327 duceret('
1778 1252 1867 1327 >3
1901 1248 1967 1306 5⁰
2006 1271 2182 1330 quem

73 1342 212 1402 dum
254 1345 559 1404 Gratianus
587 1356 809 1403 temere
840 1344 947 1403 hac
984 1343 1056 1402 de
1091 1365 1258 1403 causa
1288 1354 1516 1401 accusat
1546 1343 1728 1403 veluti
1763 1364 2055 1403 sacrorum
2082 1366 2180 1403 ca-

69 1458 291 1497 nonum
346 1449 404 1496 et
450 1437 728 1497 doctrinae
771 1438 1096 1520 apostolicae
1132 1450 1192 1497 et
1247 1438 1590 1517 evangelicae
1630 1438 2002 1498 infractorem
2041 1438 2128 1519 (3)
2156 1484 2173 1514 ,

66 1532 301 1590 nonnisi
338 1533 635 1613 propriam
671 1534 960 1591 inscitiam
1000 1533 1216 1613 prodit.
1257 1534 1321 1593 6ο
1358 1535 1428 1592 Et
1446 1536 1600 1591 ‘sane
1637 1533 1930 1613 quomodo
1978 1533 2179 1594 divina

77 1623 204 1702 lege
227 1626 496 1706 abrogata
530 1628 643 1686 dici
676 1639 869 1708 potest
898 1627 1219 1709 polygamia
1241 1671 1258 1700 ,
1294 1648 1468 1708 quam
1498 1637 1661 1685 tanta
1683 1649 1814 1686 cum
1844 1627 2017 1686 laude
2048 1650 2178 1686 san-

77 1721 312 1778 ctissimi
352 1722 693 1781 Patriarchae
729 1733 786 1781 et
812 1725 988 1800 Reges
1011 1724 1071 1780 in
1093 1723 1216 1780 Vet.
1240 1722 1395 1780 Test.
1427 1720 1911 1802 frequentarunt?
1943 1723 2009 1781 7ο
2035 1724 2170 1781 Haec

80 1816 238 1873 enim
274 1837 462 1896 neque
492 1816 805 1875 liberorum
843 1818 1340 1897 procreationem,
1379 1804 1566 1896 neque
1610 1816 1917 1875 honestam
1957 1817 2175 1876 educa-

84 1909 300 1968 tionem
323 1911 603 1992 impedit,
628 1933 734 1970 nec
757 1911 986 1970 familiae
1019 1933 1218 1992 pacem
1247 1933 1311 1971 ac
1337 1910 1817 1991 tranquillitatem
1841 1899 2174 1992 perturbat,

79 2017 144 2062 ut
164 2005 300 2063 olim
324 2007 564 2067 Hebraea
590 2029 752 2087 genS,
777 2029 933 2065 nunc
960 2029 1093 2067 vero
1113 2007 1373 2088 plerique
1403 2008 1654 2066 Orientis
1679 2007 1879 2089 populi
1905 2009 2172 2090 exemplo

80 2120 201 2158 esse
243 2113 506 2180 possunt.
550 2104 736 2174 Quare
778 2103 822 2160 si
869 2102 1257 2160 intolerabiles
1303 2102 1494 2159 uxoris
1541 2123 1765 2176 moreS,
1818 2103 1867 2160 si
1914 2103 2171 2180 ejusdem

63 2194 369 2267 sterilitas,
409 2196 744 2276 reipublieae
790 2208 972 2255 status
1009 2192 1180 2277 atque
1225 2195 1348 2254 aliae
1386 2195 1665 2273 ejusmodi
1707 2217 1886 2255 causae
1930 2219 2171 2277 persua-

57 2285 232 2346 deant
256 2289 675 2369 polygamiam,
711 2313 781 2350 ex
806 2292 952 2369 juris
981 2303 1208 2350 naturae
1235 2302 1296 2350 et
1322 2292 1584 2370 gentium
1612 2291 1908 2373 plincipiis
1943 2313 2008 2351 ea
2034 2314 2171 2374 per·

56 2383 211 2439 mitti
245 2405 410 2463 posse
450 2386 703 2444 videtur
740 2388 906 2464 Ergo,

139 2476 236 2534 59.
281 2479 450 2558 Resp.
483 2480 572 2537 Ad
600 2481 1043 2552 1m‚Dist.1ta
1068 2481 1262 2540 docuit
1291 2480 1594 2561 Apostolus
1629 2481 1705 2540 ad
1746 2479 2168 2541 excludendam

71 2569 128 2627 in
154 2570 428 2651 Episcopo
449 2572 831 2652 polygamiam
860 2576 1236 2633 successivam
1258 2619 1273 2648 ,
1310 2596 1464 2633 conc.
1478 2598 1497 2641 ;
1522 2574 1595 2632 ad
1620 2565 2038 2634 excludendam
2059 2598 2169 2658 po·
2235 2577 2237 2579 ’

53 2662 359 2741 lygamiam
394 2666 797 2725 simultaneam
817 2712 832 2740 ,
881 2689 1005 2747 neq.
1029 2671 1113 2728 De
1131 2668 1466 2750 ¹polygamia
1502 2669 1659 2728 enim
1685 2671 1998 2732 successiva
2020 2673 2166 2752 Apo-

55 2758 187 2816 stoli
210 2759 445 2818 effatum
487 2763 757 2822 universa
795 2762 1081 2821 intellexit
1116 2763 1462 2844 antiquitas,
1509 2774 1575 2822 ut
1612 2786 1713 2823 suo
1750 2763 1874 2824 loco
1907 2767 2166 2826 ostendi-

122 3005 188 3066 (l)
220 3004 353 3052 Hist.
394 3005 548 3055 eccles.
580 3005 663 3054 lib.
714 3024 779 3065 lv,
811 3023 913 3071 cap.
947 3008 1032 3058 31.
1142 3015 1476 3071 permaneret,
1516 3017 1571 3056 ut
1609 3009 1904 3058 abstinentiae
1953 3023 2160 3062 vacaret.

125 3084 187 3147 (2)
244 3084 379 3149 Apud
412 3088 455 3135 J.
493 3089 720 3136 Hartzeim
758 3088 808 3137 S.
848 3089 895 3137 J.
940 3090 1067 3138 Con·
1151 3084 1248 3137 Sed
1273 3090 1387 3151 quia
1416 3087 1501 3136 hoc
1526 3107 1807 3154 maqnorum
1837 3101 1921 3151 est,
1946 3092 2056 3151 ille,
2078 3095 2165 3156 qui

52 3163 170 3211 cilia
218 3163 515 3228 Germanice,
559 3180 672 3217 tom.
721 3186 737 3216 1
762 3207 775 3230 ,
819 3187 921 3236 pag.
959 3171 1023 3236 34
1054 3210 1067 3234 ,
1151 3181 1200 3217 se
1229 3186 1326 3220 mm
1340 3173 1952 3234 poteritcontinere‚·ozubat
1972 3175 2125 3237 Μαρία
2142 3195 2161 3232 ,-

53 3245 215 3295 colon.
249 3247 436 3314 Agripp.
472 3249 628 3318 1759,
655 3254 718 3299 sie
744 3268 880 3315 porro
910 3271 958 3301 se
986 3255 1070 3304 ha-
1151 3267 1251 3299 non
1295 3261 1454 3302 tamen
1502 3256 1709 3302 subsidii
1747 3273 1878 3320 opem
1910 3255 2157 3305 subtrahat

47 3327 124 3375 bet
165 3329 253 3376 hoc
282 3346 549 3394 responsum
585 3368 599 3392 ,
646 3334 769 3398 quod
815 3334 1062 3391 exhibetur
1142 3333 1201 3379 ab
1250 3333 1365 3395 illa,
1405 3353 1548 3400 quam
1586 3337 1845 3400 infirmitas
1887 3338 2153 3402 proepedit,

61 3427 114 3457 n.
151 3424 185 3455 11
219 3426 233 3456 :
270 3409 399 3458 Nam
426 3413 547 3474 quod
580 3416 905 3479 proposuisti,
939 3416 1064 3478 quod
1143 3425 1185 3464 et
1211 3433 1307 3464 non
1332 3418 1622 3466 detestabilis
1645 3418 1784 3484 culpa
1815 3419 2040 3468 excludit.

58 3492 100 3537 si
131 3490 307 3538 mulier
334 3493 610 3555 infirmitate
634 3505 844 3561 correpta
863 3513 960 3545 non
983 3516 1065 3566 va·-
1214 3498 1279 3563 (3)
1317 3499 1462 3547 Causa
1501 3517 1624 3548 xxxii
1656 3537 1668 3559 ‚
1708 3518 1756 3566 q.
1800 3517 1881 3562 vr,
1924 3518 2026 3567 cap.
2064 3500 2156 3560 18,

61 3570 207 3619 luerit
232 3572 441 3620 debitum
467 3575 568 3622 viro
587 3576 775 3625 reddere
792 3615 805 3637 ,
828 3578 947 3641 quid
964 3581 1066 3645 ejus
1147 3584 1269 3648 apud
1295 3583 1521 3632 Pithoeum
1537 3618 1554 3645 ,
1581 3583 1764 3651 Corpus
1763 3586 1871 3651 jur.
1893 3602 2003 3634 can.
2031 3596 2147 3634 tom.

57 3653 209 3716 faeiat
232 3653 466 3719 ιῘιιῃαῐὶιιιΡ
512 3656 706 3706 Bonum
751 3668 895 3719 esset,
930 3661 972 3708 si
996 3663 1066 3709 aio
1152 3681 1166 3711 1
1195 3701 1208 3725 ,
1234 3682 1339 3731 pag.
1366 3665 1483 3729 391.
