2612 4146
442 247 564 283 ων.
611 246 674 282 11.
725 248 791 282 ns
834 247 1084 283 omni-um
1129 246 1358 285 nomano
1400 247 1465 284 m·
1515 244 1835 285 mcmm'rss.
2082 224 2189 283 101

98 390 421 451 censuerint
441 434 456 464 ,
485 391 750 448 omnium
770 388 1058 448 Ordinum
1084 390 1204 448 sive
1230 394 1513 467 majorum
1543 390 1664 451 sive
1691 389 1985 447 minorum
2020 388 2193 448 insti-

98 486 385 544 tutionem
421 506 452 542 a
491 483 753 558 Christo,
806 483 900 543 vel
942 483 1147 542 saltem
1189 483 1262 542 ab
1311 483 1595 565 Apostolis
1636 482 2015 565 repetendam
2070 505 2194 542 esse

92 580 260 656 juxta
291 578 650 636 notissimam
682 578 982 657 Augustini
1022 577 1279 656 regulam
1315 599 1329 634 t
1379 579 1553 656 Quod
1582 583 1865 636 universa
1895 589 2042 636 tenet
2070 578 2193 637 Ee-

96 677 273 734 clesia
287 717 310 746 ,
349 695 455 733 nec
493 674 773 733 Conciliz's
799 677 1138 731 institutum
1149 713 1172 741 ,
1207 672 1311 729 sed
1332 691 1562 750 semper
1586 683 1875 731 retentum
1908 684 2016 746 est,
2041 695 2195 732 non-

97 771 226 826 nisi
269 771 618 825 auctoritate
672 768 991 846 apostoliea
1040 765 1338 822 traditum
1387 770 1708 839 rectissime
1752 769 2024 826 ereditur
2078 768 2188 848 (1).

98 860 392 942 Quidquid
436 882 610 942 porro
646 862 718 919 sit
758 861 832 921 de
867 860 974 920 hac
1009 858 1332 933 sententia,
1374 879 1550 939 quam
1587 860 1762 939 paulo
1800 872 1931 942 post
1974 883 2193 943 expen-

97 954 301 1013 demus
317 1001 331 1027 ,
362 978 482 1014 non
508 967 595 1014 est
620 953 1007 1014 omittendum
1023 997 1039 1026 ,
1070 954 1133 1010 in
1149 952 1393 1011 Ecclesia
1414 954 1609 1012 Graeca
1635 954 1876 1036 aliisque
1900 957 2187 1015 orientali-

95 1048 205 1108 bus
235 1071 355 1107 non
380 1049 612 1109 eosdem
639 1069 704 1106 ac
733 1048 888 1128 apud
914 1046 1221 1106 Ecclesiam
1245 1046 1661 1107 occidentalem
1689 1049 1935 1128 viguisse
1964 1050 2196 1111 ordines

96 1146 349 1203 minores
365 1190 380 1218 ,
398 1164 586 1224 neque
605 1143 815 1220 vigere.
842 1142 1022 1201 Graeci
1044 1142 1198 1201 enim
1219 1187 1234 1216 .,
1252 1154 1317 1200 ut
1339 1153 1501 1223 patet
1521 1164 1591 1202 ex
1617 1164 1818 1202 eorum
1837 1143 2196 1224 Euchologiis

99 1251 157 1298 et
174 1237 599 1297 pontificalibus
621 1235 782 1294 libris
802 1280 817 1304 ,
849 1256 969 1293 non
994 1235 1269 1294 videntur
1288 1258 1596 1316 agnoscere
1618 1237 1730 1295 nisi
1752 1237 1939 1296 solum
1960 1237 2198 1298 lectora-

102 1344 265 1405 tumz,
306 1353 436 1391 cum
465 1331 703 1411 insuper
727 1331 860 1389 VIII
890 1330 1154 1410 generale
1184 1331 1503 1390 Concilium
1529 1377 1544 1403 ,
1583 1354 1738 1390 anno
1771 1332 1888 1391 869
1923 1332 2199 1393 adversus

97 1420 367 1485 Photium
401 1436 694 1499 coactum,
736 1424 1113 1497 declarasset,
1144 1437 1256 1484 act.
1289 1428 1373 1499 X,
1408 1447 1535 1485 can.
1571 1429 1648 1501 V,
1684 1428 1989 1509 Episcopos
2019 1430 2199 1487 creari

95 1541 216 1578 non
255 1540 421 1601 posse
446 1563 464 1593 ,
494 1520 594 1600 qui
621 1520 838 1577 cunctis
866 1518 990 1577 aliis
1015 1518 1328 1578 Ordinibus
1361 1521 1574 1602 initiati
1607 1543 1727 1579 non
1766 1522 2012 1582 fuissent
2032 1568 2048 1597 .,
2085 1523 2199 1581 ibi-

95 1613 229 1673 dem
269 1626 467 1673 tamen
508 1624 755 1695 quatuor
780 1625 1013 1672 tantum
1038 1613 1246 1693 gradus
1282 1627 1588 1674 enumerat
1610 1661 1625 1690 7
1667 1615 2010 1675 lectoratum
2044 1618 2200 1676 scili·

97 1720 218 1782 cet,
262 1708 774 1782 subdiaconatum,
822 1710 1202 1768 Diaconatum
1238 1720 1298 1768 et
1335 1710 1731 1770 Sacerdotium
1766 1711 1878 1791 (2).
1923 1712 2196 1771 Ostendit

94 1815 287 1863 autem
304 1804 693 1863 Renaudotius
708 1849 724 1877 ,
744 1825 852 1863 nec
873 1806 907 1862 J
913 1803 1161 1862 aeobitas
1175 1806 1466 1886 AEgyptios
1481 1852 1497 1879 ,
1518 1827 1624 1866 nec
1640 1807 2007 1866 Nestorianos
2028 1810 2198 1888 Syros

96 1919 126 1955 a
164 1899 369 1957 Graecis
404 1899 467 1956 in
502 1899 788 1957 Ordinum
833 1920 1078 1957 numero
1114 1899 1447 1959 definiendo
1478 1900 1782 1961 dissentire
1814 1902 1922 1981 (3).
1956 1914 1959 1915 ’

181 1994 276 2050 62.
326 1994 406 2050 Ex
451 1993 518 2050 iis
560 1993 771 2071 igitur7
818 2015 946 2073 quae
995 1995 1116 2051 sive
1159 2016 1228 2052 ex
1269 1996 1559 2075 Scriptura
1606 1997 1723 2056 sive
1774 2018 1843 2056 ex
1887 1998 2196 2057 traditione

97 2086 394 2145 attulimus
417 2132 431 2160 a
469 2098 722 2161 constat,
763 2087 920 2169 quod
954 2087 1258 2146 ostendere
1293 2088 1464 2147 nobis
1508 2091 1949 2171 proposuimuS,
1987 2105 2198 2173 praeter

98 2180 493 2239 Sacerdotium
529 2203 649 2241 esse
688 2182 749 2240 in
792 2181 1036 2241 Ecclesia
1065 2181 1295 2241 ordines
1321 2195 1380 2242 et
1408 2188 1652 2261 majores
1691 2197 1751 2243 et
1774 2187 2027 2245 minores
2048 2233 2064 2261 a
2096 2209 2199 2268 per

101 2296 241 2354 quos
282 2275 459 2335 veluti
500 2297 605 2358 per
647 2275 853 2355 gradus
883 2276 1163 2359 quosdam
1193 2278 1254 2335 in
1294 2279 1692 2337 Sacerdotium
1722 2280 2002 2340 tenditur.

911 2470 1388 2539 DIFFIOULTATES.

164 2582 280 2649 63.
341 2591 467 2668 Obj.
522 2593 726 2672 prima.
786 2595 863 2652 Ex
915 2594 1340 2653 Catholicorum
1400 2595 1657 2654 doctrina
1688 2642 1704 2672 ‚
1766 2598 1913 2657 sieut
1961 2599 2022 2656 in
2066 2601 2206 2680 Epi·

99 2696 333 2765 scopatu
379 2684 626 2744 habetur
662 2686 961 2768 plenitudo
1005 2689 1346 2763 Sacerdotii7
1376 2690 1454 2748 ita
1494 2692 1555 2748 in
1594 2692 1910 2751 Diaconatu
1952 2692 2200 2753 habetur

102 2778 409 2858 plenitudo
437 2780 773 2854 ministerii,
802 2782 862 2839 in
895 2803 1009 2862 quo
1028 2782 1273 2862 proinde
1299 2783 1543 2843 Ordines
1565 2786 1770 2867 reliqui
1793 2787 2197 2848 includuntur.

100 2875 229 2931 Jam
261 2889 398 2933 vero
428 2875 489 2932 1ο
520 2876 863 2934 Diaconatus
890 2887 1010 2933 non
1040 2888 1127 2935 est
1173 2877 1330 2936 Ordo
1367 2881 1600 2961 proprie
1643 2881 1865 2958 dictus.,
1906 2884 2006 2943 sed
2045 2906 2203 2944 mera

102 2965 395 3048 deputatio
428 2969 502 3027 ad
546 2969 779 3051 aliquod
819 2972 1201 3031 ministerium
1256 2983 1314 3031 et
1362 2975 1980 3058 quidemiprofanum3
2030 2980 2208 3061 primi

104 3063 257 3119 enim
294 3065 525 3122 Diaconi
548 3110 564 3139 ,
607 3077 672 3123 ut
701 3065 908 3145 legitur
937 3067 1000 3125 in
1042 3068 1196 3126 Actis
1229 3068 1599 3150 ApostoliciS,
1648 3072 1776 3131 ideo
1813 3075 1987 3133 creati
2025 3086 2199 3148 sunt,

104 3156 235 3234 quia
284 3179 512 3239 aequum
544 3182 663 3219 non
701 3173 824 3220 erat
878 3161 1181 3243 Apostolos
1232 3164 1639 3243 derelinquere
1684 3170 1931 3227 verbum
1970 3174 2112 3237 Dei,
2154 3176 2210 3226 et

110 3254 453 3312 ministrare
487 3261 703 3314 mensis
720 3280 739 3323 ;
761 3257 828 3313 2⁰
861 3258 1158 3316 constituti
1182 3269 1461 3339 praeterea
1481 3259 1701 3321 ibidem
1724 3263 1998 3345 dicuntur
2030 3285 2204 3345 super

104 3342 251 3402 illud
284 3367 424 3427 opus
442 3393 458 3420 .,
504 3348 577 3408 ob
607 3350 761 3431 quod
785 3362 952 3411 antea
980 3352 1195 3411 factum
1220 3352 1407 3412 fuerat
1432 3377 1698 3415 murmur
1725 3359 2056 3416 Graecorum
2100 3357 2207 3417 ad-

173 3534 238 3596 (1)
280 3534 356 3582 De
378 3536 641 3601 Baptismo‚
663 3541 749 3589 lib.
777 3557 827 3600 V,
855 3558 957 3607 cap.
994 3540 1073 3604 24.
1255 3543 1329 3607 (3)
1368 3548 1646 3611 Perpetui&
1686 3546 1744 3593 de
1781 3546 1827 3594 la
1860 3548 1964 3611 soi,
1997 3559 2111 3597 tom.
2146 3567 2171 3595 v
2194 3586 2220 3607 z

172 3616 242 3677 (2)
276 3616 410 3680 Apud
465 3618 693 3669 Harduin.
738 3620 869 3670 Acta
925 3622 1107 3672 Concil.
1191 3624 1272 3674 liv.
1303 3627 1514 3691 v‚chap.
1539 3625 1589 3675 6.

108 3705 218 3744 tom.
249 3715 275 3744 v
299 3736 312 3758 ‚
352 3699 442 3747 col.
473 3698 591 3764 904.
