2508 4120
2027 172 2139 230 401

563 199 685 236 CAP.
735 198 815 234 IV.
866 199 934 233 1)ss
979 196 1350 234 MA‘rnlmomls
1395 194 1600 232 mlx‘rls.

30 349 299 406 Ceterum
341 342 387 399 si
410 339 547 399 talia
569 337 848 398 adversus
881 358 944 396 se
971 337 1190 396 tentari
1223 337 1371 396 forte
1394 357 1426 394 a
1455 333 1821 417 Principibus
1851 333 2144 395 catholicis

29 438 596 507 animadverterent,
624 430 973 491 clamoribus
996 431 1314 513 implerent
1342 432 1570 508 omnia3
1600 441 1660 489 at
1686 452 1818 489 cum
1836 429 1920 488 illi
1944 430 2148 490 eadem

32 535 279 600 faciant.
319 552 446 590 rem
479 527 866 609 aequissimam
907 546 1253 607 causamque
1275 526 1662 603 justissimam
1685 547 1757 585 ex
1783 546 1987 585 eorum
2017 546 2153 589 ver-

29 628 118 688 bis
155 627 313 687 taciti
326 624 623 684 aestimare
652 620 963 680 debemus,

115 724 252 784 331.
297 720 432 798 obj.
459 716 732 778 secunda.
760 718 935 798 Atqui
963 715 1116 796 leges
1136 763 1152 791 7
1184 739 1314 799 quae
1349 729 1563 798 cogunt
1593 716 1928 778 Sacerdotes
1953 718 2158 778 catho-

39 819 178 878 licos
200 815 282 875 ad
305 810 697 874 consecranda
733 811 854 872 sive
881 810 1290 871 benedictione
1330 813 1456 871 sive
1482 812 1594 871 alio
1630 812 1746 878 ritu
1778 834 1939 873 sacro
1977 814 2159 873 mixta

38 911 296 990 conjugia
321 954 337 982 ‚
367 909 543 968 etiam
574 905 816 988 quando
841 907 1041 988 sponsi
1065 905 1395 966 detrectant
1423 928 1483 966 se
1522 906 1881 987 obstringere
1905 907 1978 967 ad
2001 909 2162 985 insti·

42 1007 325 1067 tuendam
341 1024 579 1063 omnem
598 1001 860 1061 sobolem
885 1003 949 1060 in
974 1001 1253 1080 religione
1275 1000 1556 1061 catholica
1574 1047 1591 1078 ‚
1624 1003 1962 1062 innituntur
1990 1005 2158 1093 prin-

39 1104 199 1183 cipiis
221 1100 459 1179 justitiae
488 1108 548 1157 et
574 1097 880 1178 aequitatiS.
922 1098 998 1156 Ac
1038 1098 1104 1155 10
1139 1098 1486 1156 innituntur
1509 1099 1768 1179 perfecta
1807 1099 2159 1159 conditionis

42 1199 324 1281 paritate,-
366 1215 496 1276 quae
543 1191 906 1252 intercedere
953 1191 1130 1251 debet
1169 1193 1326 1252 inter
1376 1193 1679 1274 utriusque
1735 1198 2126 1273 confessionis
2149 1243 2167 1266 ‚

42 1291 337 1351 catholicae
368 1289 583 1348 scilicet
605 1299 663 1347 et
685 1286 1043 1362 acatholicae‚
1068 1287 1519 1362 contrahentes3
1546 1289 1818 1348 minister
1843 1290 2009 1349 enim
2034 1312 2167 1372 pro·

45 1398 266 1447 testans
289 1384 514 1443 nullam
537 1383 712 1462 exigit
739 1383 1114 1463 sponsionem
1134 1428 1150 1458 ,
1177 1393 1243 1441 ut
1277 1384 1506 1464 sponsis
1542 1382 2024 1445 benedictionem
2049 1386 2166 1443 im-

46 1482 368 1563 pertiatur,
411 1500 547 1557 ergo
589 1497 782 1558 neque
830 1498 960 1535 eam
1005 1477 1235 1558 exigere
1280 1476 1457 1536 debet
1491 1478 1766 1538 Sacerdos
1815 1479 2170 1552 catholicuse,

49 1575 306 1656 alioquin
345 1574 393 1631 si
424 1572 499 1632 ab
529 1583 782 1653 utroque
805 1572 1193 1650 denegaretur
1229 1571 1595 1647 benedictio,
1636 1574 1835 1633 nullus
1868 1579 1996 1652 jam
2022 1585 2175 1634 esset

49 1669 305 1750 reliquus
342 1667 616 1745 conjugiis
647 1666 843 1724 mixtis
874 1665 1065 1739 loom,
1109 1666 1269 1747 quod
1307 1666 1549 1748 quidem
1582 1673 1864 1749 'magnum
1902 1669 2057 1731 civili
2083 1692 2171 1728 so-

52 1764 244 1824 cietati
263 1763 686 1823 detrimentum
702 1761 1051 1842 importaret
1069 1761 1180 1840 (l).
1197 1761 1264 1818 2⁰
1291 1763 1632 1820 Innituntur
1647 1765 1991 1844 patrociniO,
2017 1764 2176 1845 quod

52 1856 659 1939 Princepssuscipere
695 1854 874 1914 debet
908 1854 1217 1932 cujuslibet
1249 1854 1575 1935 religionis,
1609 1879 1787 1939 quam
1825 1859 1914 1917 sui
1950 1858 2174 1918 subditi

53 1962 385 2025 sectantur,
437 1960 498 2010 et
541 1950 796 2009 maxime
839 1950 1204 2008 dominantis
1219 1993 1241 2021 ,
1297 1951 1384 2009 uti
1425 1950 1677 2010 solemus
1734 1952 1907 2033 vulgo
1959 1952 2169 2015 dicere.

57 2215 288 2261 tissimum
324 2210 544 2268 exhibet,
577 2208 733 2274 quoad
771 2206 1034 2257 Borussiam
1055 2245 1070 2270 ,

65 2290 255 2360 epistola
275 2330 288 2353 ,
324 2308 425 2358 quae
470 2292 587 2355 regis
630 2293 761 2356 jussu
786 2291 893 2338 data
924 2299 990 2338 est
1015 2288 1074 2337 ad

60 2375 307 2442 quemdam
336 2375 579 2437 provinciae
622 2372 938 2420 consiliarium
966 2388 1072 2436 pro-

62 2464 304 2504 testantem
332 2489 345 2512 ,
371 2469 422 2500 eo
458 2452 583 2516 quod
615 2451 764 2498 filium
798 2467 932 2498 suum
955 2453 1075 2497 sive-

63 2541 121 2587 rit
145 2538 202 2585 ad
224 2536 492 2599 religionem
523 2533 798 2582 catholicam
818 2532 1076 2580 informari.

66 2617 172 2668 J’aa·
199 2621 397 2682 appas,
434 2615 650 2663 scribitur
667 2652 680 2673 ‚
713 2631 802 2679 que
830 2630 947 2661 vous
965 2628 1081 2660 avez

60 2702 159 2764 fait
206 2698 353 2746 elever
391 2696 514 2744 dana
545 2695 592 2745 la
628 2695 853 2760 Reliqion
879 2693 1080 2742 catholi-
1116 2741 1119 2745 ,

67 2799 156 2847 que
185 2788 311 2828 votre
332 2778 468 2842 fils...
498 2778 700 2843 quoiqua
719 2793 836 2825 vous
865 2785 1085 2841 apparte—

69 2866 180 2911 πίει
213 2864 502 2910 vous-mame
542 2859 572 2906 ὰ
619 2858 665 2907 la
708 2857 911 2922 reliqion
940 2862 1086 2906 evan-

71 2944 275 3009 9eliqua.
318 2943 451 2991 Bien
493 2942 670 3006 qu'une
711 2941 813 2989 telle
863 2940 1087 2989 condicite

67 3026 233 3092 puisse
278 3026 508 3088 invoquer
527 3040 582 3072 sa
601 3023 930 3088 justification
964 3022 1088 3070 dans

74 3109 138 3157 les
189 3105 305 3167 lois,
343 3108 401 3172 je
437 3122 498 3153 ne
526 3107 647 3171 puis
683 3104 997 3170 m'empecher
1029 3105 1088 3152 de

75 3205 194 3239 vous
233 3186 441 3236 declarer
478 3204 568 3250 que
603 3203 720 3234 vous
761 3203 879 3234 avez
910 3188 1090 3234 monere

70 3288 166 3338 par
200 3268 246 3317 liz
260 3285 389 3334 pour
415 3277 542 3315 votre
577 3267 780 3332 reliqion
808 3284 904 3315 nme
931 3267 1086 3331 indif-

74 3353 261 3417 serenae
284 3349 508 3415 coupable
533 3348 652 3413 qu’il
684 3356 751 3396 eat
786 3349 844 3396 de
876 3365 990 3396 mon
1012 3348 1092 3396 de-

84 3433 187 3482 voir
217 3431 274 3478 de
291 3430 488 3479 Μάνιον.
511 3430 581 3477 En
608 3448 701 3496 quo
718 3431 876 3479 tendat
902 3434 1094 3479 istorum

85 3514 234 3564 zelus!
254 3512 354 3560 Cfr.
385 3510 571 3561 L’Ami
596 3511 653 3559 de
668 3510 717 3560 la
733 3510 895 3577 Reliq.
918 3509 1094 3560 5Juin.

96 3592 238 3644 1838.
277 3592 438 3657 Quoad
489 3593 703 3642 Russiam
752 3609 860 3641 vero
904 3594 1099 3642 alterum

87 3693 186 3725 non
233 3678 386 3723 minus
438 3674 727 3725 luculentum
771 3675 1102 3725 documentum

171 3757 236 3813 T.
288 3755 405 3815 Vll.

1162 2211 1423 2275 suppeditat
1439 2212 1642 2261 edictum
1665 2216 1683 2276 (
1709 2213 1898 2277 Ukaae)
1930 2216 2089 2265 datum
2120 2218 2180 2265 ab

1162 2292 1289 2357 Imp.
1318 2293 1511 2342 Nicolao
1540 2295 1616 2343 die
1640 2296 1884 2346 2Januar.
1919 2296 2047 2364 1839
2065 2336 2079 2358 ,
2109 2315 2182 2348 re-

1158 2374 1308 2421 latum
1349 2377 1401 2422 in
1428 2374 1752 2440 Ephemeride
1788 2378 1981 2443 officiali
2016 2375 2184 2427 Petro·

1155 2453 1398 2519 politana,
1417 2465 1555 2522 atque
1597 2460 1822 2506 insertum
1843 2462 1893 2506 in
1920 2458 2181 2524 Ephemer.

1168 2533 1408 2601 Anqustoe
1429 2536 1486 2583 V
1483 2537 1677 2587 indelic.
1695 2539 1769 2587 die
1803 2555 1862 2606 19
1880 2541 2029 2606 ejusd.
2051 2559 2183 2591 men-

1169 2619 1245 2665 sis.
1285 2614 1387 2667 Hoc
1413 2620 1638 2684 imperiali
1671 2621 1851 2669 decreto
1877 2625 2052 2686 integra
2072 2641 2182 2688 pro-

1170 2701 1364 2748 mittitur
1381 2701 1565 2749 libertas
1591 2705 1767 2750 cunctis
1784 2703 1842 2751 ad
1865 2704 2048 2752 metalla
2067 2705 2184 2755 alia-

1172 2800 1262 2848 que
1294 2800 1428 2847 opera
1458 2784 1642 2849 publica
1664 2785 1892 2834 damnatis
1914 2823 1928 2845 ‚
1958 2789 2038 2852 qui
2061 2802 2180 2851 pro-

1168 2866 1302 2928 fiteri
1345 2865 1494 2914 velint
1523 2865 1817 2930 reliqionem
1858 2867 2186 2918 dominantem

1175 2950 1380 3010 (istorum
1397 2948 1717 2997 damnatorum
1740 2947 1947 3016 plerique
1962 2960 2071 2998 sunt
2095 2949 2187 2998 Ca-

1173 3029 1329 3077 tholici
1373 3028 1534 3078 Poloni
1580 3034 1819 3097 utriusque
1860 3034 1975 3079 ritus
1995 3066 2010 3090 ,
2053 3033 2187 3096 graeci

1174 3125 1341 3177 nempe
1372 3123 1416 3160 et
1440 3112 1625 3172 latini).
1651 3103 1811 3180 Neque
1832 3114 1909 3161 hic
1936 3115 2058 3161 stetit
2094 3113 2188 3160 Im-

1176 3198 1390 3259 peratoris
1433 3197 1748 3244 munificentia
1782 3233 1796 3253 ‚
1847 3195 1927 3244 sed
1975 3197 2188 3260 apostatis

1177 3289 1394 3342 praeterea
1431 3278 1508 3326 hic
1543 3279 1690 3325 honos
1726 3277 1985 3337 tribuitur;‘
2016 3289 2065 3326 ut
2108 3296 2190 3326 au—

1156 3380 1162 3387 ·
1179 3374 1315 3407 reum
1343 3363 1573 3409 numisma
1587 3360 1768 3407 ceruleo
1790 3359 2009 3406 lemnisco
2026 3378 2051 3407 e
2069 3351 2189 3407 collo

1182 3443 1387 3508 pendens
1421 3442 1663 3500 deferant,
1718 3441 1775 3488 ad
1822 3442 1965 3488 instar
2014 3439 2191 3489 scilicet

1184 3526 1406 3591 equestris
1430 3525 1622 3586 insignis
1647 3523 1819 3571 ordinis
1849 3523 1904 3571 S.
1934 3521 2120 3570 Amne.

1252 3594 1324 3656 (l)
1360 3592 1426 3639 Ita
1451 3589 1786 3656 Ephemeridee
1799 3591 2007 3639 univers.
2036 3587 2193 3637 Rheni

1184 3673 1431 3738 infin-ioris
1452 3710 1464 3732 ,
1493 3673 1566 3720 die
1591 3669 1625 3720 6
1652 3671 1758 3721 Jan.
1792 3668 1937 3720 1838.

1874 3750 1950 3807 26
