2508 4120
2043 173 2162 233 221

476 196 600 233 cAP.
649 196 690 231 1.
734 194 802 230 DE
846 192 1197 233 MATRmomo
1238 195 1299 231 ΙΝ
1340 194 1401 232 SE
1443 194 1742 233 SPEGTATO.

66 362 186 400 non
204 336 446 398 Concilii
469 336 792 398 Tridentini
815 336 1072 397 docentis
1091 382 1108 412 7
1137 335 1433 396 Christum
1460 358 1582 395 non
1601 335 1789 394 solum
1813 334 2166 417 approbasse

64 435 392 513 conjugium
423 434 485 491 in
521 444 676 491 statu
709 432 1058 491 innocentiae
1086 431 1419 490 institutum
1438 475 1454 505 ‚
1492 431 1594 490 sed
1619 441 1893 511 praeterea
1918 431 2167 510 gratiam

63 530 447 614 promeruisse
469 573 484 602 .,
509 549 639 610 quae
655 527 980 586 naturalem
999 530 1308 605 conjugum
1328 547 1586 584 amorem
1610 526 1914 606 perficeret
1931 571 1948 595 ,
1982 547 2167 607 eaque

63 626 239 705 gratia
264 633 541 704 praestare
577 622 1013 681 Matrimonium
1042 621 1102 678 in
1145 641 1300 680 nova
1338 619 1463 697 lege
1500 619 1793 679 veteribus
1828 620 2164 694 connubiis3

63 742 133 779 ex
172 718 379 801 quibus
416 729 579 799 patet
608 723 775 795 juxta
817 715 1260 785 Tridentinum,
1299 713 1449 771 nihil
1491 715 1830 774 immutasse
1868 715 2170 775 Christum

63 815 125 873 in
151 824 458 873 contractu
496 812 889 882 Matrimonii,
922 809 1023 870 sed
1053 808 1244 869 solum
1285 807 1453 866 illum
1491 809 1670 886 gratia
1699 831 1799 867 sua
1828 831 2168 887 exornasse;

64 931 177 990 quo
202 909 415 966 factum
448 918 534 966 est
546 951 568 978 ,
603 919 669 965 ut
689 917 1015 966 contractus
1041 903 1138 963 ille
1161 949 1176 978 ‚
1211 903 1317 985 qui
1340 914 1510 961 antea
1546 925 1669 962 non
1698 915 1825 963 erat
1861 905 1971 963 nisi
1994 917 2172 965 natu-

62 1001 196 1060 ralis
218 1047 233 1075 .,
271 1002 484 1082 quique
507 1022 539 1060 a
565 1001 696 1059 solis
721 997 1198 1059 contrahentibus
1225 1019 1331 1079 per
1361 1008 1633 1056 mutuum
1664 1019 2012 1058 consensum
2039 1008 2170 1081 per·

63 1095 362 1155 ficiebatur
382 1142 397 1170 ,
426 1096 683 1156 elevatus
719 1096 795 1153 sit
826 1094 900 1153 ad
928 1093 1272 1173 dignitatem
1303 1094 1682 1152 Sacramenti.

144 1191 252 1250 41.-
286 1191 732 1249 *20'1nnvi-tuntur
774 1189 1162 1247 declaratione
1208 1187 1467 1266 ejusdem
1503 1187 1866 1259 Tridentini,
1917 1189 2074 1269 quod
2109 1190 2173 1248 in

65 1285 297 1346 decreto
335 1287 425 1343 De
451 1287 758 1362 reformat.
800 1306 926 1364 cap.
967 1287 1029 1358 Ι,
1055 1295 1255 1365 aperte
1295 1283 1499 1358 docet,
1539 1285 1912 1343 clandestina
1948 1286 2176 1345 ,Matri-

66 1386 298 1450 mom‘a,
330 1382 515 1439 libero
538 1382 1016 1439 contrahentium
1050 1402 1333 1439 consensu
1355 1384 1561 1459 facta,
1602 1392 1741 1439 rata
1785 1393 1842 1441 ct
1880 1404 2020 1440 vcra
2061 1403 2176 1442 csse

63 1478 461 1536 Mammonm
476 1519 499 1546 ,
525 1460 824 1553 quamdiu
858 1477 1125 1534 Ecclesia
1155 1497 1224 1533 ea
1265 1478 1452 1534 irrita
1487 1497 1607 1534 non
1640 1479 1805 1554 fecit.
1848 1477 1994 1535 Cum
2035 1498 2174 1536 vero

62 1570 225 1628 irrita
251 1571 448 1629 fecerit
475 1569 884 1628 Tridentinum
909 1569 1030 1628 haec
1062 1569 1431 1627 Matrimonia
1451 1615 1467 1642 .,
1509 1567 1702 1627 noluit
1732 1581 1934 1628 tamen
1974 1570 2177 1630 decre-

63 1676 191 1724 tum
230 1687 396 1724 suum
425 1663 603 1723 robur
637 1664 853 1723 habere
889 1664 1003 1722 nisi
1045 1676 1179 1746 post
1214 1665 1448 1742 triginta
1486 1662 1606 1722 dies
1645 1663 1720 1723 ab
1761 1669 1881 1742 ejus
1908 1663 2178 1747 publica—

64 1760 240 1819 tio-ne.
286 1760 509 1837 Quibus
553 1762 630 1818 ita
669 1760 1034 1840 compositis,
1077 1761 1155 1817 sic
1186 1759 1282 1817 isti
1317 1758 1591 1838 Theologi
1632 1769 2115 1838 argumentantur
2156 1781 2169 1818 ε

65 1857 241 1913 Juxta
260 1854 662 1913 Tridentinum
693 1854 973 1935 quamdiu
1001 1853 1371 1913 clandestinae
1395 1855 1761 1912 Matrimonia
1779 1855 1944 1913 irrita
1968 1853 2042 1913 ab
2070 1856 2178 1913 Ec-

67 1949 236 2007 clesia
278 1950 425 2009 sacta
465 1972 586 2008 non
634 1961 809 2023 sunt,
851 1960 990 2007 rata
1032 1960 1086 2007 et
1122 1970 1264 2007 vera
1299 1949 1569 2023 fuerunt,
1612 1959 1671 2007 et
1708 1948 1897 2007 adhuc
1939 1960 2076 2007 sunt
2112 1950 2178 2007 in

63 2043 392 2123 regionibus
415 2043 708 2118 omnibus,
738 2045 799 2102 in
825 2043 1034 2125 quibus
1057 2038 1469 2103 Tridentin‘um
1491 2042 1787 2102 decretum
1814 2042 2179 2124 publicatum

63 2160 183 2196 non
212 2149 334 2211 est3
360 2141 520 2219 atqui
544 2160 615 2197 ex
647 2139 983 2197 Innocentio
1006 2139 1087 2197 III
1111 2183 1128 2212 ⁷
1163 2139 1225 2195 in
1259 2158 1384 2218 cap.
1419 2142 1657 2213 Quanto
1679 2138 1750 2195 dc
1783 2139 2087 2211 divortiis,
2119 2148 2178 2197 et

63 2254 131 2292 ex
159 2234 459 2292 communi
494 2233 773 2315 loquendi
808 2255 915 2292 usu
936 2278 952 2307 ,
986 2230 1311 2291 Tridentini
1342 2231 1667 2313 praesertim
1695 2240 1866 2289 aetate
1901 2243 2135 2312 recepto
2159 2276 2175 2306 ,

67 2328 432 2387 Matrimonia
471 2340 608 2387 rata
648 2341 702 2388 et
747 2350 886 2387 vera
935 2349 1056 2386 non
1092 2338 1261 2386 erant
1315 2326 1461 2386 meri
1507 2336 1836 2384 contractus
1885 2326 2178 2386 naturales

69 2433 168 2478 aut
192 2422 416 2497 civileS‚
458 2424 560 2481 sed
594 2425 963 2483 Sacramenta
989 2468 1004 2497 ,
1045 2443 1175 2504 quae
1210 2432 1410 2480 tamen
1449 2420 1569 2479 solo
1599 2421 1782 2479 libero
1825 2421 2180 2480 contrahen-

68 2515 216 2573 tium
240 2537 521 2574 consensu
544 2516 993 2597 perficiebantur
1023 2528 1083 2575 et
1106 2516 1521 2597 perficiuntur3
1564 2536 1698 2592 ergo
1725 2535 1845 2572 non
1868 2515 2173 2591 SacerdOS,

69 2609 173 2669 sed
205 2609 615 2669 contrahentes
659 2608 767 2668 soli
804 2618 945 2668 sunt
978 2609 1334 2668 Sacramenti
1370 2608 1726 2667 Matrimonii
1769 2609 2021 2668 ministri
2056 2608 2171 2689 (1).

66 2851 161 2889 tam
194 2841 422 2890 dirimere.
454 2839 534 2888 Ast
573 2841 864 2889 vehementer
890 2850 1063 2899 errant,

70 2925 149 2988 qui
173 2924 278 2971 talia
307 2925 596 2987 excogitant‚·
647 2931 691 2969 1⁰
728 2925 835 2988 quia
871 2923 1074 2987 subjecta

72 3007 259 3051 materia
291 3014 335 3052 et
367 3007 582 3052 orationis
623 3006 757 3053 series
793 3022 888 3053 non
927 3004 1076 3052 alium

76 3083 328 3131 admittunt
377 3102 560 3133 sensum
607 3102 747 3150 quam
800 3086 859 3134 de
901 3083 1076 3139 Sacra-

72 3171 261 3224 ment03
292 3175 344 3212 2⁰
369 3169 475 3231 quia
498 3177 622 3214 aetate
651 3166 842 3230 Eugenii
866 3167 1076 3226 nondum

74 3248 317 3308 excogitata
350 3253 446 3294 erat
489 3248 722 3296 distinctio
770 3251 888 3295 inter
919 3245 1077 3296 Sacra-

75 3320 285 3373 m'entum
334 3337 376 3373 et
435 3339 718 3377 contractum
762 3330 812 3375 in
857 3328 1077 3392 conjugiis

76 3406 438 3455 Christianorum
457 3424 472 3470 3
493 3409 544 3456 3⁰
561 3413 671 3475 quia
686 3409 814 3456 nulla
832 3418 942 3456 tunc
967 3419 1076 3457 tem—

74 3491 197 3554 poris
245 3490 423 3554 vigebat
447 3493 748 3540 controversia
782 3491 839 3538 de
873 3493 1078 3539 ministro

74 3569 356 3618 Sacramenti
382 3570 660 3620 Matrimonii
679 3589 694 3635 3
714 3589 819 3620 cum
842 3575 1080 3622 unanimis

76 3650 214 3701 fuerit
247 3652 570 3720 theologorum
587 3655 797 3702 omnium
823 3656 1050 3704 sententia
1065 3691 1081 3717 ,

1163 2840 1282 2888 solos
1325 2839 1646 2888 contrahentes
1688 2857 1783 2889 esse
1822 2842 2088 2904 ministros;
2114 2839 2176 2904 4⁰

1165 2924 1274 2988 quia
1293 2956 1308 2980 ,
1327 2932 1378 2970 ut
1399 2939 1518 2987 saepe
1530 2924 1754 2980 diximus,
1775 2923 2005 2988 Eugenius
2028 2926 2078 2971 in
2095 2941 2177 2973 suo

1165 3004 1344 3052 decreto
1362 3020 1432 3064 ea,
1450 3020 1551 3070 quae
1567 3015 1772 3069 spectant
1789 3005 1847 3053 ad
1862 3005 2176 3064 Sacramenta,

1165 3086 1225 3133 ad
1263 3085 1456 3133 verbum
1499 3087 1752 3152 desumpsit
1795 3103 1854 3135 ex
1889 3087 2109 3150 opusculo
2146 3104 2176 3135 v

1166 3166 1218 3237 S.
1255 3165 1477 3226 Thomae,
1518 3169 1601 3233 qui
1645 3178 1764 3216 certe
1808 3170 1859 3214 in
1892 3169 2046 3215 animo
2080 3184 2177 3216 non

1165 3248 1367 3297 habebat
1410 3250 1555 3297 ullam
1599 3250 1790 3298 definire
1823 3251 2176 3299 controversiam

1168 3330 1515 3391 scholasticam,
1543 3333 1791 3395 praesertim
1819 3346 1926 3377 cum
1945 3366 1958 3389 ,
1982 3340 2036 3378 ut
2061 3332 2176 3380 vidi-

1165 3427 1299 3472 mus,
1330 3411 1412 3460 illa
1437 3422 1565 3460 aetate
1599 3428 1694 3458 non
1730 3412 1960 3460 existeret.

1236 3496 1298 3559 (1)
1336 3495 1470 3560 Quod
1502 3496 1700 3542 diximus
1735 3494 1792 3543 de
1833 3497 2068 3544 communi
2106 3496 2175 3545 lo-

1168 3577 1341 3643 quendi
1381 3593 1468 3624 usu
1507 3575 1764 3624 Tridentini
1798 3581 1928 3625 aetate
1964 3586 2169 3641 recepta,

1161 3659 1290 3725 juxta
1336 3674 1477 3724 quem
1512 3658 1616 3705 veri
1662 3667 1711 3707 et
1752 3659 1850 3707 rati
1882 3660 2072 3707 nomine
2103 3659 2172 3705 in-
