2508 4120
370 178 492 218 ομ».
539 178 624 215 111.
673 179 740 214 DE
782 178 1167 217 mrnmnnnrls
1209 175 1580 231 nummonn,
1625 178 1743 214 erc.
1987 155 2102 215 339

11 331 254 404 possunt
300 319 553 378 adversae
594 319 773 400 partis
822 316 1094 396 Theologi
1134 317 1276 376 duas
1333 317 1436 376 has
1480 327 1805 377 contractus
1851 316 2102 377 rationes

12 414 184 474 simul
218 413 560 495 permiscere
581 456 596 486 ‚
629 433 758 471 cum
789 412 1046 471 immane
1072 413 1227 470 inter
1260 423 1566 492 utramque
1601 412 2006 493 interpositum
2030 412 2106 470 sit

11 508 343 584 discrimen.
383 507 547 565 Ratio
576 507 734 564 enim
770 516 1095 564 contractus
1123 508 1430 564 naturalis
1464 515 1552 564 est
1575 504 1684 584 ipsi
1714 505 1974 585 conjugio
2010 507 2112 574 in-r
2194 520 2198 523 ’

10 603 257 661 trinseca
287 612 345 660 et
369 598 720 672 essentiali33
761 600 907 658 ratio
936 620 1073 660 vero
1104 610 1429 657 contractus
1451 600 1649 657 civilis
1679 610 1768 658 est
1790 599 1981 659 eidem
2003 620 2107 659 ex-

13 697 258 756 trinseca
282 740 298 768 7
330 693 695 770 accidentalis
729 714 793 752 ac
819 693 1254 775 superveniens.

91 790 231 850 241.
276 788 497 848 Exinde
519 799 794 848 corruunt
819 808 1020 846 omnes
1047 786 1311 846 deductae
1341 786 1775 846 consecutiones
1795 832 1812 861 ,
1844 809 2056 868 nempe
2087 811 2103 849 ε

16 906 150 964 ergo
191 885 625 943 Sacramentum
661 905 783 941 non
826 881 978 940 tollit
1023 884 1310 942 rationem
1354 890 1681 940 contractus
1701 895 1705 899 ·
1726 883 2002 943 naturalis
2028 896 2110 944 ‘et

18 979 233 1052 civilis;
270 1001 402 1058 ergo
431 999 660 1060 semper
682 977 982 1055 subjicitur
1010 978 1298 1058 Principi3
1330 996 1464 1055 ergo
1486 975 1731 1039 materia
1756 978 2114 1039 Sacramenti

18 1085 105 1134 est
134 1084 459 1132 contractus
494 1072 774 1131 naturalis
814 1084 873 1131 et
908 1064 1091 1133 civilis
1118 1072 1370 1153 Principi
1398 1070 1721 1149 subjectus3
1757 1092 1892 1152 ergo
1923 1084 2116 1154 potest

26 1168 302 1248 Princeps
328 1168 555 1227 irritare
586 1177 944 1225 contractum
960 1166 1305 1235 naturalem,
1334 1168 1476 1247 quin
1496 1167 1749 1245 attingat
1786 1169 2132 1228 Sacramen-'

20 1273 179 1338 tum,
216 1261 454 1343 aliaeque
491 1261 792 1340 ejusmodi.
836 1263 940 1321 Hae
974 1261 1261 1343 siquidem
1299 1282 1501 1319 omnes
1539 1259 1845 1321 dimanant
1867 1283 1939 1322 ex
1975 1262 2117 1322 falso

24 1359 341 1440 principio,
384 1371 445 1418 et
482 1380 553 1417 ex
598 1379 905 1439 perperam
942 1358 1234 1418 intellecta
1264 1356 1542 1417 catholica
1587 1356 1850 1417 doctrina
1895 1360 1968 1419 de
2017 1361 2123 1418 Sa-

19 1462 315 1511 cramento
346 1453 718 1511 Matrimonii.
758 1454 880 1511 Hoc
913 1474 1050 1512 vero
1088 1453 1293 1511 clarius
1324 1452 1512 1514 adhuc
1550 1463 1716 1532 patet
1755 1475 1825 1515 ex
1873 1453 2122 1515 adducta

23 1545 402 1605 similitudine
445 1545 517 1604 de
546 1546 949 1606 immutatione
981 1568 1148 1627 aquae
1178 1557 1355 1627 prout
1396 1558 1485 1605 est
1519 1548 1766 1605 materia
1802 1547 2120 1628 Baptismi,

23 1652 83 1700 et
122 1641 287 1722 panis
314 1651 488 1721 prout
519 1651 607 1700 est
644 1641 885 1699 materia
921 1640 1322 1713 Eucharistiae,
1368 1660 1545 1720 quam
1581 1660 1710 1698 cum
1747 1639 1820 1699 ab
1858 1650 2120 1722 apostata

22 1733 96 1793 de
134 1735 395 1794 Dominis
426 1736 679 1794 mutuati
718 1735 935 1794 fuerint
968 1733 1284 1796 adversarii
1307 1779 1322 1808 .,
1355 1747 1697 1814 supponunt
1731 1756 1864 1793 cum
1900 1736 2026 1814 ipso
2057 1735 2120 1793 id

26 1828 182 1910 quod
210 1828 418 1888 falsum
442 1850 564 1887 esse
589 1829 944 1887 ostendimus
962 1874 977 1903 ‚
1018 1838 1380 1887 contractum
1415 1849 1628 1909 nempe
1655 1828 1897 1908 perinde
1920 1849 1981 1887 se
2013 1829 2121 1886 ha-

25 1920 164 1982 here
195 1923 270 1981 ad
299 1924 734 1982 Sacramentum
753 1923 1123 1991 Matrimonii,
1146 1943 1211 1980 ac
1233 1943 1292 1981 se
1317 1920 1529 1980 habeat
1552 1943 1700 2002 aqua
1726 1932 1823 1980 aut
1855 1922 2019 2001 panis
2047 1922 2125 1981 ad

27 2017 460 2087 Sacramentum
486 2017 763 2098 Baptismi
796 2028 896 2075 aut
921 2016 1311 2076 Eucharistiae.
1355 2017 1457 2075 Ast
1489 2016 1552 2074 in
1588 2016 1697 2074 hoc
1725 2018 1976 2096 graviter
2000 2016 2122 2075 hal·

25 2109 383 2184 lucinantur3
411 2122 478 2169 ut
496 2111 732 2170 enimin
748 2109 1205 2192 praecedentibus
1218 2109 1706 2192 propositionibus
1737 2111 2118 2187 ostendimus¹

25 2214 349 2263 contractus
387 2205 666 2264 naturalis
702 2225 824 2263 non
854 2215 941 2264 est
975 2206 1216 2263 materia
1257 2217 1482 2263 remota
1518 2206 1874 2265 Sacramenti
1917 2206 2121 2268 Matri-

24 2300 239 2373 monii,
278 2310 343 2357 ut
377 2321 524 2380 aqua
555 2312 644 2358 est
682 2300 921 2359 materia
953 2309 1176 2359 remota
1207 2300 1488 2381 Baptismi
1513 2344 1528 2373 ‚
1569 2309 1627 2357 et
1659 2300 1826 2379 panis
1873 2299 2118 2359 materia

28 2406 249 2453 remota
282 2394 679 2469 Eucharistiae,
713 2394 816 2453 sed
840 2399 1151 2474 promima3
1195 2414 1322 2474 quae
1349 2405 1655 2474 propterea
1695 2392 1856 2451 nulla
1897 2394 2122 2453 ratione

27 2508 61 2545 a
84 2487 348 2568 Principe
377 2488 671 2546 immutari
707 2499 806 2546 aut
833 2488 1046 2546 irritari
1067 2498 1295 2568 potest,
1323 2487 1466 2566 quin
1499 2486 1750 2565 attingat
1781 2486 2118 2547 immediate

28 2582 500 2640 Sacramentum
486 2603 696 2662 ipsum.
902 2622 905 2624 »

109 2675 252 2734 242.
299 2673 386 2735 Ad
415 2675 927 2755 4¹¹1‚N39.Haec
910 2696 1148 2757 1nsuper
1169 2673 1497 2746 difficultas„
1522 2696 1652 2756 quae
1674 2676 1924 2756 pariter,
1950 2686 2014 2735 ut
2039 2677 2123 2737 vi-

30 2770 259 2844 dimus,
310 2768 383 2827 ab
417 2781 675 2852 apostata
701 2769 773 2829 de
806 2770 1099 2846 DominiS‚
1152 2791 1184 2828 a
1238 2771 1515 2848 Laun0j0‚
1569 2791 1602 2828 a
1640 2771 1997 2847 jansenianis
2055 2793 2120 2830 ac

30 2863 306 2943 regalistis
329 2866 708 2946 proponitur,
740 2865 974 2941 disjecta
1003 2863 1231 2946 pridem
1256 2886 1287 2922 a
1312 2863 1480 2924 nobis
1505 2876 1608 2924 est.
1639 2868 1742 2924 Jus
1784 2867 2120 2948 Principum

37 3068 314 3117 secularibus
358 3069 600 3130 tribuerint
647 3079 914 3134 potestatem
953 3080 1040 3119 sta·
1123 3071 1296 3123 sunthi
1314 3070 1501 3119 effectus
1518 3071 1656 3120 tribui
1678 3074 1814 3120 etiam
1829 3071 2121 3123 Matrimonia

35 3149 193 3199 tuendi
209 3150 530 3214 impedimenta
542 3152 763 3199 irritantia
777 3148 1040 3201 Sacramen-
1120 3151 1349 3214 invalid03
1386 3168 1481 3199 non
1506 3162 1651 3217 potest
1679 3169 1788 3202 vero
1807 3152 2007 3202 Ecclesia
2035 3156 2118 3206 tri-

10 3290 12 3292 v
36 3238 138 3277 tum
156 3266 170 3287 ‚
200 3247 357 3278 verum
389 3234 527 3279 etiam
557 3268 570 3289 ‚
603 3242 652 3279 ut
686 3234 833 3298 potior
863 3234 923 3280 sit
954 3250 1038 3297 po·
1118 3232 1259 3280 buere
1278 3233 1500 3295 rationem
1531 3232 1809 3281 Sacramenti
1829 3231 2117 3284 Matrimonio

39 3319 172 3358 testas
186 3311 452 3375 Principum
474 3315 523 3360 in
545 3312 909 3374 Matrimonium,
924 3331 1037 3378 qua·
1119 3330 1144 3360 a
1182 3312 1390 3379 Principe
1416 3316 1619 3374 irritato,
1650 3315 1768 3377 quia
1801 3315 1907 3361 sine
1933 3323 2118 3365 contra-

38 3401 168 3441 teuus
194 3391 538 3442 Sacramentum
556 3404 622 3442 est
650 3430 663 3454 ,
685 3411 821 3459 quam
849 3404 1040 3459 potestas
1120 3402 1199 3441 ctu
1214 3397 1408 3443 existere
1449 3399 1612 3458 nequit
1638 3394 2019 3446 Sacramentum.
2050 3397 2117 3446 Ita

12 3484 16 3493 '
43 3473 276 3522 Ecclesiae.
298 3474 511 3540 Princeps
545 3478 669 3525 enim
696 3486 841 3541 potest
865 3512 880 3536 ‚
906 3478 1038 3543 juxta
1119 3475 1341 3536 Carriere,
1368 3476 1460 3525 loc.
1480 3478 1557 3524 cit.
1576 3492 1627 3523 n.
1646 3471 1762 3536 563,
1784 3490 1892 3524 cum
1925 3476 2112 3542 Baeton,

43 3557 190 3618 ipsos,
221 3555 407 3604 effectus
450 3556 607 3605 civiles
641 3557 842 3607 tribuere
881 3555 1038 3605 Matri-
1122 3555 1478 3612 Concordance,
1508 3560 1600 3606 etc.
1635 3572 1738 3621 pag.
1779 3554 1854 3606 15.

47 3638 201 3685 monio
226 3636 283 3686 ab
323 3636 525 3687 Ecclesia
558 3640 726 3688 irritato
746 3675 759 3700 ‚
789 3640 900 3703 quia
928 3655 1035 3703 pos·
1862 3639 1866 3645 ’

1737 3717 1832 3774 22.
