2508 4120
297 95 418 156 332
974 110 1297 149 TRACTATUS
1342 111 1410 147 ΒΕ
1456 110 1828 151 nummomo.

295 263 393 322 illa
412 308 431 339 ‚
465 281 592 342 quae
624 279 656 317 a
693 257 919 337 legibus
941 258 1090 335 juris
1124 255 1375 315 Romani
1402 252 1809 338 probabantur
1828 267 2111 340 tanquam
2146 262 2438 344 legitima3

294 358 365 418 2⁰
378 355 527 415 illud
551 375 623 413 ex
647 375 716 413 eo
742 354 965 435 pariter
991 363 1222 411 constat
1244 397 1260 426 ‚
1284 350 1443 433 quod
1471 351 1597 433 ipsa
1612 350 1777 413 velut
1798 350 2128 414 adulterina
2141 356 2441 418 interdum

292 451 645 534 spectaverit
674 451 941 529 conjugia
965 495 981 524 a
1018 469 1149 531 quae
1188 447 1264 508 ab
1307 446 1768 529 Imperatoribus
1810 448 2154 510 Christianis
2195 456 2442 533 permit-

291 546 575 607 tebantur
600 547 691 626 (l)
717 592 731 620 ι
763 557 968 605 contra
994 566 1135 606 vero
1162 543 1438 604 habuerit
1467 554 1533 602 ut
1559 543 1816 624 legitima
1843 545 2132 605 nonnulla
2158 550 2439 629 conjugia,

293 663 423 725 quae
452 641 874 722 rejiciebantur
906 652 1194 723 tanquam
1221 639 1524 720 illegitima
1563 640 1742 699 etiam
1776 661 1809 699 a
1846 641 2057 702 Codice
2094 642 2444 704 christiano-

290 763 427 800 rum
465 740 806 821 Principum
833 739 960 818 (2)3
989 737 1055 796 30
1080 737 1142 795 id
1171 737 1367 819 ipsum
1396 745 1626 795 constat
1660 758 1730 796 ex
1762 758 1860 813 ec,
1893 739 2054 820 quod
2081 738 2155 799 ab
2183 740 2443 801 Ecclesiae

291 848 531 896 tantum
559 835 1008 896 confirmatione
1047 854 1147 893 seu
1177 831 1607 914 approbatione
1631 833 1752 893 vim
1775 833 2045 893 irritandi
2077 835 2443 896 Christiano-

291 957 428 994 rum
463 935 727 1015 conjugia
772 931 1178 1006 obtinuerint:7
1225 931 1349 993 sive
1385 931 1543 989 intra
1587 930 1711 992 sive
1756 942 1922 991 extra
1979 934 2217 1016 Imperii
2256 936 2437 1009 fines»,

291 1031 723 1113 impedimenta
744 1076 760 1104 ,
797 1049 927 1111 quae
959 1030 1023 1087 in
1050 1033 1185 1107 jure
1216 1029 1481 1086 Romano
1513 1027 1831 1087 constituta
1855 1040 2025 1089 erant
2048 1041 2177 1088 tum
2215 1027 2289 1089 ab
2320 1031 2438 1090 Im-

363 1226 429 1291 (l)
466 1222 688 1291 Superius
736 1223 978 1273 attulimus
1026 1221 1214 1271 Patrum
1255 1222 1328 1271 ef·

289 1311 413 1368 sata,
442 1307 615 1375 quibus
639 1310 854 1375 conjugia
875 1346 888 1367 ‚
918 1307 977 1355 ab
1005 1304 1328 1371 imperialibus

289 1391 471 1458 legibus
502 1393 724 1457 permissa
759 1400 864 1456 post
893 1389 1250 1438 dissolutionem
1269 1406 1327 1437 ex

289 1492 429 1523 causa
465 1475 711 1532 adulterii,
737 1474 1061 1539 reprobantur.
1094 1472 1147 1520 Id
1173 1474 1326 1537 ipsum

289 1557 474 1604 dicatur
514 1557 573 1603 de
612 1556 714 1618 lege
743 1555 836 1603 lata
867 1573 893 1602 a
923 1554 1230 1602 Constantino
1256 1552 1323 1601 Μ.

289 1654 489 1704 quaeque
504 1639 728 1704 reperitur
748 1640 798 1684 in
827 1636 934 1684 cod.
968 1635 1291 1685 Theodosiano
1309 1673 1321 1695 ‚

288 1722 378 1770 lib.
420 1739 509 1779 m,
554 1724 625 1770 tit.
669 1738 778 1779 xm,
819 1720 899 1768 De
943 1720 1198 1786 repudiis,
1232 1738 1323 1786 qua

289 1804 554 1869 Imperator
605 1803 804 1851 sublatis
870 1803 972 1850 aliis
1024 1804 1324 1868 repudiorum

290 1890 441 1934 causis
471 1887 630 1934 statuit
659 1901 671 1932 :
702 1884 773 1932 In
802 1884 1005 1951 repudio
1046 1884 1325 1932 mittendoa

283 1969 478 2033 semina
501 2006 514 2028 ‚
548 1965 649 2015 ltoec
672 1965 771 2015 sola
796 1966 1009 2015 crimina
1032 1965 1250 2031 inquiri,
1280 1967 1328 2014 ei

292 2049 589 2099 homicidam
620 2087 634 2109 ,
675 2048 752 2097 vel
789 2049 1278 2098 medicamentarium
1308 2088 1322 2110 ,

290 2132 366 2181 vel
391 2131 752 2198 sepulchrorum
798 2131 1131 2179 dissolutorem
1163 2134 1322 2179 mari-

289 2223 394 2262 tum
411 2230 557 2262 suum
580 2231 678 2263 esse
693 2214 993 2279 probaverit.
1015 2210 1083 2260 In
1099 2212 1325 2262 masculis

290 2299 436 2346 etiam
463 2299 510 2345 si
534 2297 796 2363 repudium
821 2298 1016 2344 mittant
1043 2333 1057 2356 ‚
1089 2296 1190 2344 hoec
1225 2301 1325 2344 tria

290 2382 507 2429 crimina
543 2381 738 2445 inquiri
781 2381 1070 2439 conveniet,
1122 2380 1168 2426 si
1209 2396 1324 2426 moe-

290 2464 452 2526 cham,
476 2462 551 2512 vel
579 2464 1056 2511 medicamentariam
1078 2501 1090 2523 ‚
1121 2462 1196 2510 vel
1216 2478 1327 2511 con-

291 2548 581 2598 ciliatricem
633 2548 890 2615 repudiare
962 2546 1183 2596 voluerit.
1239 2549 1325 2612 Agi

292 2649 430 2697 porro
465 2635 515 2679 in
542 2633 631 2680 hac
655 2632 760 2699 lege
793 2631 850 2680 de
870 2631 1065 2696 repudio
1088 2667 1100 2689 ‚
1136 2648 1230 2697 quo
1258 2631 1325 2679 fas

292 2717 352 2762 sit
378 2714 570 2763 alteram
588 2715 755 2762 ducere
773 2749 787 2774 ‚
805 2723 930 2779 patet
946 2730 1005 2761 ex
1027 2729 1169 2778 poena
1184 2747 1201 2774 ,
1222 2728 1325 2778 quae

293 2797 567 2846 immediate
584 2798 789 2845 sancitur
804 2796 960 2862 quoad
975 2812 1051 2844 eos
1071 2831 1085 2854 ,
1109 2797 1191 2861 qui
1214 2794 1323 2843 abs-

294 2898 386 2947 que
413 2883 648 2929 recensitis
665 2880 944 2929 criminibus
964 2878 1213 2943 repudium
1231 2881 1322 2926 mi-

293 2965 474 3026 serint;
504 2962 720 3011 subditur
746 2965 870 3011 enim
900 2979 915 3010 ε
948 2960 1080 3010 Nam
1098 2966 1146 3009 si
1171 2961 1233 3009 ab
1257 2963 1325 3010 iie

293 3046 589 3095 criminibus
634 3045 834 3094 liberam
871 3046 1094 3108 ejecerit,
1136 3061 1324 3093 omnem

295 3128 448 3177 dotem
479 3129 728 3177 restituere
759 3126 921 3189 debet,
944 3136 990 3175 et
1031 3125 1183 3175 aliam
1224 3143 1323 3176 non

295 3211 485 3261 ducere.
515 3211 621 3263 Cfr.
648 3214 699 3259 in
738 3210 864 3259 hanc
898 3210 1047 3275 legem
1080 3226 1322 3261 commen—

296 3296 441 3342 tarius
484 3293 789 3354 Gofflofredi,
843 3294 955 3343 edit.
1001 3295 1075 3341 cit.
1116 3304 1229 3342 tom.
1271 3312 1319 3356 1,

295 3393 403 3440 pag.
442 3376 537 3424 310
567 3388 611 3426 et
648 3393 776 3444 seqq.
807 3376 979 3438 Porro,
1007 3379 1108 3443 ipso
1134 3375 1313 3426 Gotho·

295 3457 426 3506 fredo
458 3448 632 3508 fatente
653 3498 666 3520 ‚
707 3477 907 3509 canones
931 3477 1175 3527 nunquam
1209 3477 1313 3524 per-

300 3543 527 3588 miserunt
571 3543 622 3588 in
659 3543 888 3608 ejusmodi
933 3544 1138 3608 repudiis
1178 3543 1315 3592 aliam

303 3641 494 3672 uxorem
538 3624 723 3674 ducere.
778 3624 872 3673 Cfr.
909 3628 1046 3675 etiam
1084 3626 1222 3676 Card.
1261 3627 1316 3674 de

1411 1220 1604 1287 Aguirre
1637 1224 1689 1269 in
1721 1238 1831 1273 can.
1861 1239 1933 1271 ιιι
1954 1221 2103 1273 Conc.
2139 1221 2437 1279 illiberitani.

1481 1303 1547 1367 (2)
1585 1302 1736 1370 Hujus
1752 1307 1816 1353 rei
1836 1305 2261 1355 luculentissimum
2280 1324 2439 1357 exem-

1410 1387 1541 1451 plum
1572 1388 1694 1436 inter
1712 1398 1858 1436 cetera
1875 1388 2138 1454 suppeditat
2160 1388 2435 1456 conjugium

1408 1471 1579 1516 initum
1605 1487 1630 1517 a
1655 1470 1967 1519 filiisfamilias
1995 1471 2171 1537 absque
2207 1489 2435 1521 consensu

1409 1562 1692 1616 parentum,
1732 1554 1861 1620 quod
1903 1564 1948 1602 et
1987 1557 2246 1620 antiquitus
2296 1565 2435 1622 atque

1408 1650 1538 1681 nunc
1565 1637 1708 1683 etiam
1743 1654 1768 1683 a
1806 1636 2017 1701 pluribus
2069 1637 2433 1702 legislationibus

1409 1715 1551 1763 veluti
1584 1717 1878 1782 illegitimum
1926 1719 2021 1766 imo
2057 1720 2240 1766 irritum
2277 1719 2433 1767 decla-

1408 1808 1558 1846 ratum
1593 1810 1692 1860 est;
1726 1811 1935 1850 attamen
1966 1801 2171 1850 Ecclesia
2214 1802 2333 1851 illud
2362 1821 2434 1851 ra-

1408 1890 1510 1928 tum
1530 1881 1672 1931 habet
1696 1900 1749 1931 ac
1781 1883 2064 1949 legitimum.
2084 1883 2186 1934 Alia
2219 1885 2432 1951 exempla

1409 1964 1492 2011 cfr.
1528 1965 1652 2030 apud
1688 1964 1863 2015 Gerdil.
1895 1977 2027 2015 tract.
2061 1970 2138 2016 cit.
2184 1985 2290 2033 pag.
2340 1984 2428 2034 177

1409 2057 1452 2095 et
1476 2064 1609 2113 seqq.
1648 2047 1825 2097 Recens
1869 2048 2139 2115 exemplum
2165 2050 2432 2115 suppeditat

1408 2133 1642 2195 responsio
1688 2149 1823 2180 sacrae
1889 2132 2242 2181 Poenitentiariae
2314 2134 2423 2181 data

1407 2230 1423 2259 1
1449 2212 1564 2261 Jun.
1610 2211 1739 2277 1824
1765 2214 1823 2261 ad
1857 2212 2137 2280 Episcopum
2176 2214 2424 2264 Vivarien-

1407 2312 1503 2343 sem
1523 2333 1536 2354 ‚
1564 2314 1657 2361 qua
1689 2294 1889 2344 declarat
1924 2297 2075 2345 valida
2112 2300 2304 2346 omnino
2329 2315 2426 2347 esse

1408 2377 1786 2426 Christianorum
1816 2375 2034 2445 conjugia
2064 2381 2181 2427 inita
2205 2397 2312 2428 cum
2334 2382 2427 2429 im-

1408 2461 1686 2524 pedimentis
1714 2460 1928 2509 civilibus
1961 2462 2251 2511 irritantibus
2275 2500 2287 2522 ‚
2323 2479 2426 2529 quae

1408 2553 1625 2608 praeterea
1669 2543 1799 2592 addit
1842 2561 1855 2592 :
1906 2543 1993 2593 Ita
2019 2546 2211 2592 eruitur
2247 2561 2305 2592 ea·
2345 2547 2428 2593 in-

1406 2628 1667 2674 structione
1688 2643 1719 2674 a
1746 2643 1970 2692 suprema
2003 2626 2333 2693 Inquisitione
2340 2645 2432 2694 per

1408 2707 1465 2758 S.
1513 2708 1913 2774 Conqreqationis
1947 2709 2163 2758 Concilii
2195 2727 2428 2776 orqanum

1407 2790 1474 2839 ad
1517 2789 1818 2857 Episcopum
1855 2791 2302 2854 wainonenwm,
2339 2810 2425 2843 an.

1414 2872 1543 2938 1824
1568 2875 1856 2922 transmissa
1892 2890 1906 2924 :
1947 2872 2285 2923 Matrimoniis
2308 2877 2430 2941 fide·

1406 2955 1549 3017 lium,
1571 2956 1748 3021 quibus
1767 2954 1959 3006 nullum
1979 2957 2132 3006 obstat
2142 2961 2431 3008 canonicum

1406 3039 1842 3105 impedimentum,
1890 3057 2031 3088 suam
2076 3041 2235 3106 quoad
2283 3045 2433 3091 inari-

1406 3121 1548 3170 talem
1578 3139 1759 3171 nemum
1802 3124 1957 3171 inesse
1989 3125 2088 3171 vim
2120 3133 2165 3172 et
2193 3123 2393 3174 valorem
2418 3164 2430 3185 ‚

1404 3205 1777 3273 qualiacumque
1820 3207 2014 3256 tandem
2045 3207 2233 3273 suerint
2283 3211 2435 3276 impe-

1406 3290 1623 3338 dimenta
1649 3307 1679 3337 a
1697 3287 1918 3355 secularif
1924 3298 2153 3356 potestate
2171 3327 2185 3351 ,
2213 3290 2436 3339 Ecclesia

1399 3390 1500 3423 non
1530 3374 1751 3423 consulta
1779 3390 1865 3422 nec
1885 3374 2128 3439 probante
2150 3413 2162 3434 ‚
2182 3391 2434 3440 perperam

1402 3475 1459 3505 ac
1495 3456 1691 3506 nulliter
1717 3456 1995 3524 constituta.
2042 3457 2173 3506 Extat
2197 3476 2305 3507 vero
2340 3458 2436 3505 haec

1403 3543 1641 3606 responsio
1655 3544 1704 3589 in
1722 3538 1913 3588 Rituali
1925 3539 2211 3602 Bella-ensi,
2230 3550 2349 3588 tom.
2364 3553 2414 3585 ιιι
2421 3583 2434 3605 ‚

1403 3645 1506 3691 pag.
1546 3642 1609 3690 72
1630 3664 1642 3686 ,
1671 3626 1784 3675 edit.
1814 3643 1906 3674 sec.
