2508 4120
531 175 652 217 cAr.
701 177 765 215 ιι.
809 179 877 215 DE
921 177 1268 215 mammona
1312 173 1794 215 morium-Armes.
1875 168 1879 171 ’
2025 166 2039 178 ·
2109 154 2227 215 257

122 343 256 384 nam
285 341 481 381 rerum
522 318 807 398 adjunctis
834 319 1062 379 desinat
1088 318 1341 399 obligare
1374 329 1734 401 praeceptum
1758 316 2027 379 divinum
2046 363 2062 392 ,
2092 340 2233 400 quo-

118 439 249 478 cum
272 416 553 498 praedicta
588 414 985 498 interpellatio
1015 425 1153 474 ante
1180 414 1582 474 rescissionem
1608 413 1965 473 Matrimonii
1999 412 2232 474 videtur
2309 487 2315 493 ι

119 518 424 591 conjuncta
448 511 558 593 (l).
602 514 750 570 Sane
786 511 1089 590 Gregorius
1105 510 1240 569 XIII
1274 509 1534 570 locorum
1562 509 1882 568 Ordinariis
1902 555 1918 585 ,
1968 510 2232 592 parochis

122 618 183 668 et
207 606 560 689 presbyteris
581 606 955 665 missionariis
981 606 1105 664 Soc·
1133 605 1170 663 J
1172 625 1275 664 esu
1297 604 1361 662 in
1392 603 1610 682 Angola
1630 649 1646 678 ‚
1682 603 1971 686 AEthiopia
2003 615 2063 664 et
2087 607 2228 665 Bra-

120 704 243 763 silia
278 699 616 781 degentibus
638 745 653 774 a
686 712 1042 782 potestatem
1064 698 1202 759 fecit
1226 696 1613 780 dispensandi
1642 719 1776 757 cum
1804 698 2066 780 quolibet
2088 720 2237 760 con-

111 802 249 877 juge
274 840 292 870 ,
331 795 433 876 qui
460 794 784 854 christianae
818 794 1082 874 religioni
1123 814 1342 852 nomen
1380 791 1611 852 dederit
1631 837 1647 867 a
1680 805 1747 851 ut
1791 815 2012 855 novum
2041 806 2235 876 posset

119 891 266 949 inire
291 893 418 967 conj
426 890 620 969 ugium
640 934 655 962 ,
682 889 898 951 omissa,
916 887 1387 970 interpellatione
1412 887 1647 947 alterius
1679 889 1936 968 conjugis
1959 890 2235 967 infidelis,

119 1006 296 1066 quem
331 996 620 1044 constaret
658 984 918 1063 legitime
960 983 1323 1065 interpellari
1360 1005 1483 1042 non
1524 1004 1694 1064 posse
1730 983 1839 1063 (2).
1880 985 2030 1043 Hinc
2060 986 2238 1047 etiam

120 1079 463 1140 Benedictus
501 1081 627 1138 XIV
661 1079 753 1159 (3)
795 1089 1148 1161 potestatem
1196 1079 1477 1138 concessit
1515 1078 1736 1139 Nuntio
1775 1080 2029 1138 Venetiis
2075 1101 2238 1140 com-

119 1177 408 1250 moranti·7
435 1187 501 1234 ut
530 1176 591 1234 in
616 1174 789 1234 simili
816 1196 1015 1234 rerum
1043 1186 1262 1236 eventu
1290 1185 1486 1255 posset
1511 1173 1584 1232 ab
1615 1172 1875 1252 ejusdem
1898 1174 2240 1256 interpella·

122 1270 295 1329 tionis
337 1291 514 1333 onere
555 1270 808 1330 eximere
837 1274 1104 1350 conjuges
1134 1262 1479 1343 converSOS,
1514 1269 1830 1330 existentes
1869 1270 1933 1328 in
1975 1269 2104 1330 loco
2141 1273 2237 1353 pio

128 1365 695 1425 Catechumenorum
723 1365 983 1443 ejusdem
1016 1365 1263 1426 civitatis
1291 1366 1683 1426 Venetiarum.

210 1460 349 1518 106.
397 1461 480 1519 Ex
516 1460 682 1519 dictis
721 1471 779 1530 et
810 1460 958 1519 illud
982 1482 1014 1520 a
1046 1460 1269 1519 fortiori
1295 1458 1699 1542 consequitur,
1740 1483 1906 1543 posse
1932 1466 2236 1543 conjugem

123 1554 357 1614 fidelem
393 1556 456 1613 in
487 1555 768 1631 ejusmodi
806 1576 1002 1614 rerum
1041 1565 1195 1614 statu
1219 1556 1479 1635 profiteri
1510 1555 1851 1636 religionem
1880 1556 2137 1638 aliquam
2164 1556 2238 1615 ab

122 1649 371 1709 Ecclesia
394 1649 778 1732 approbatam
798 1695 815 1725 7
842 1660 903 1708 et
922 1695 938 1726 ,
972 1651 1019 1708 si
1046 1649 1118 1709 de
1149 1650 1359 1709 marito
1378 1671 1569 1709 sermo
1596 1651 1671 1709 sit
1689 1695 1704 1725 .,
1731 1651 2020 1732 suscipere
2047 1671 2237 1711 sacros

124 1745 411 1819 Ordines3
462 1746 594 1827 quia
618 1791 634 1816 7
678 1746 944 1828 quamvis
999 1767 1120 1804 non
1171 1744 1587 1827 dissolveretur
1637 1745 1998 1804 connubium
2046 1745 2239 1827 quoad

128 1840 460 1914 vinculum,
497 1839 742 1900 solvitur
774 1852 974 1900 tamen
996 1838 1191 1920 quoad
1222 1839 1460 1900 thorum
1484 1851 1543 1898 et
1578 1838 2035 1916 habitationem,
2064 1842 2146 1898 ita
2169 1852 2235 1899 ut

124 1939 334 2012 conjux
374 1934 645 2016 pertinax
687 1935 752 1994 in
800 1955 902 1993 sua
948 1932 1293 1993 infidelitate
1328 1939 1423 2012 jus
1485 1933 1560 1992 ad
1608 1944 1925 2015 utrumque
1959 1934 2234 2010 amittat,

124 2029 348 2088 etiamsi
370 2040 573 2111 postea
600 2029 899 2109 resipiscat
932 2039 992 2088 et
1032 2040 1407 2089 convertatur
1426 2073 1442 2103 ,
1479 2039 1656 2109 prout
1688 2029 1970 2108 contingit
1996 2029 2060 2087 in
2095 2049 2233 2089 casu

123 2122 428 2200 adulterii3
453 2145 519 2183 ac
545 2124 627 2182 ita
652 2134 849 2184 censet
874 2125 931 2182 S.
956 2121 1212 2182 *Thomas
1235 2123 1349 2202 (4).
1385 2122 1588 2195 Quoad
1617 2124 1957 2204 quaestiones
1982 2123 2234 2206 reliquas

125 2217 218 2277 hic
241 2217 443 2298 agitari
471 2217 667 2278 solitas
707 2216 935 2278 consuli
972 2228 1219 2299 possunt
1247 2216 1550 2298 theologiae
1585 2217 1818 2277 moralis
1848 2218 2229 2279 institutores,

194 2439 336 2502 (1)1n
350 2438 545 2489 Decreto
560 2441 665 2489 dato
686 2457 702 2488 ι
716 2458 742 2506 7
759 2441 869 2490 Jan.
890 2460 970 2491 an.
994 2457 1142 2507 1722.
1224 2442 1403 2488 nentioe
1420 2443 1498 2487 vir
1511 2441 1719 2487 emittere
1742 2476 1755 2498 ‚
1782 2454 1869 2486 nec
1887 2439 1952 2486 ad
1972 2437 2113 2486 alind
2125 2434 2238 2486 Ma-

205 2519 270 2583 (2)
307 2519 408 2569 Cfr.
450 2520 804 2582 Benedict.xiv‚
840 2523 919 2570 De
948 2517 1145 2586 Synodo
1224 2521 1508 2568 trimonium
1533 2524 1811 2569 transire...
1849 2518 1917 2568 Si
1935 2527 2108 2567 autem
2140 2534 2239 2567 non
2267 2523 2269 2525 ’

133 2599 270 2648 dioec.
302 2600 388 2649 lib.
426 2618 540 2661 xm,
573 2618 674 2667 cap.
706 2618 762 2649 21
791 2639 804 2662 ‚
843 2620 976 2650 num.
1014 2600 1064 2665 4.
1228 2605 1296 2651 sit
1317 2620 1421 2668 spes
1452 2602 1508 2650 de
1533 2605 1835 2652 conversione
1856 2641 1870 2663 ,
1892 2611 2048 2669 potest
2074 2602 2140 2650 ad
2162 2618 2241 2651 sa-

197 2680 267 2747 (3)
306 2682 402 2730 Cfr.
446 2683 652 2749 ejusdem
679 2682 875 2733 Constit.
909 2685 1146 2750 quaeinei÷
1229 2700 1331 2732 cros
1357 2684 1568 2732 Ordines
1608 2683 1683 2732 vel
1708 2684 1774 2733 ad
1796 2683 2071 2752 religionem
2105 2699 2241 2732 acce-

133 2765 200 2829 pit
236 2781 252 2812 :
296 2764 367 2811 In
394 2761 631 2830 Suprema
653 2802 666 2825 ‚
703 2768 753 2813 in
808 2768 908 2830 ejus
949 2766 1140 2813 Bullarii
1224 2765 1332 2813 dere
1349 2801 1362 2824 ‚
1381 2767 1528 2831 prius
1555 2766 1781 2829 requisita
1805 2782 1951 2814 uxore
1967 2775 2020 2814 ut
2046 2782 2241 2817 conver-

129 2858 244 2896 tom.
275 2865 292 2895 1
314 2884 329 2904 ‚
358 2865 409 2896 n.
443 2864 459 2895 1
477 2863 535 2914 17
564 2885 577 2906 ‚
610 2865 707 2913 pag.
741 2845 838 2911 483
866 2858 910 2896 et
941 2865 1073 2914 seqq.
1225 2856 1357 2896 tatur
1379 2867 1398 2909 ,·
1427 2857 1470 2896 et
1483 2857 1597 2897 tunc
1615 2850 1676 2912 si,
1696 2858 1951 2915 postquam
1980 2853 2060 2899 vir
2082 2869 2241 2902 sacros

208 2929 274 2993 (Ιι)
314 2928 412 2978 Cfr.
438 2931 488 2978 in
510 2928 753 2995 Supplem.
775 2947 824 2995 q.
845 2927 911 2996 59
932 2966 944 2988 ,
978 2939 1066 2977 art.
1092 2927 1143 2992 4,
1234 2929 1454 2991 Ordines·
1471 2933 1706 2996 suscepit,
1750 2948 1876 2981 uxor
1904 2944 2237 2992 convertatur,

133 3019 180 3058 et
205 3019 292 3059 art.
340 3008 370 3059 5
402 3011 461 3060 ad
494 3009 558 3074 4,
603 3011 685 3059 ubi
720 3011 822 3059 haec
850 3013 900 3059 in
933 3029 1031 3060 rem
1065 3028 1150 3060 no·
1229 3029 1329 3062 non
1357 3022 1424 3060 est
1450 3013 1547 3061 sibi
1573 3015 1652 3061 vir
1677 3030 1794 3062 suns
1831 3014 2126 3072 reddendus,
2161 3016 2243 3064 ced

136 3101 275 3140 stram
287 3091 445 3140 scribit
461 3110 476 3140 ε
494 3090 671 3159 Sipoet
684 3097 1037 3142 conversionem
1053 3094 1152 3142 viri
1232 3093 1362 3142 debet
1389 3094 1484 3142 sibi
1510 3095 1748 3160 imputare
1774 3096 1831 3143 in
1863 3112 2062 3162 poenam
2094 3096 2243 3145 iardoe

134 3171 299 3237 aliqua
332 3173 597 3239 probabilis
627 3191 733 3240 spes
754 3174 811 3222 de
841 3180 1144 3224 conversione
1227 3178 1577 3227 conversionis.
1609 3177 1737 3244 quod
1760 3180 1863 3228 viro
1891 3196 1975 3228 suo
1993 3180 2239 3245 privatur.

136 3256 306 3302 uxoris
344 3256 409 3302 eit
427 3291 441 3317 ,
480 3271 580 3304 non
619 3255 751 3305 debet
801 3254 959 3304 votnm
996 3258 1147 3304 conti-
1239 3246 1243 3248 i

176 3768 179 3771 -
229 3726 295 3784 T.
345 3726 464 3785 VII.
1940 3728 2010 3786 17
