2612 4146
642 400 1661 543 TRACTATUS

743 726 905 810 DE
1004 721 1554 808 ORDINE.

847 965 1448 1040 PROOEMIUM.

177 1192 231 1248 1.
280 1189 486 1270 Siqua
520 1197 607 1259 est
640 1186 702 1244 in
741 1205 807 1245 re
857 1183 1178 1266 theologica
1207 1183 1525 1267 disputatio
1563 1203 1691 1267 quae
1731 1184 1820 1244 ad
1851 1206 1995 1261 nos,
2017 1186 2118 1268 qui
2139 1188 2205 1246 in·

90 1294 306 1344 sortem
339 1281 575 1343 Domini
607 1279 796 1341 vocati
818 1301 1018 1339 sumus
1046 1325 1062 1354 .,
1098 1290 1159 1340 et
1181 1279 1318 1339 facti
1354 1279 1607 1340 Ministri
1635 1278 1850 1339 Christi
1884 1291 1945 1341 et
1965 1279 2204 1364 dispen—

89 1391 304 1439 satores
319 1377 730 1458 mysteriorum
746 1375 886 1452 Dei,
918 1375 1171 1435 maxime
1197 1384 1419 1457 spectet
1444 1419 1461 1450 ‚
1489 1396 1556 1435 ea
1578 1374 1838 1458 profecto
1859 1385 1949 1436 est
1972 1421 1990 1451 ,
2027 1397 2206 1458 quam

88 1472 368 1532 ordimur.
404 1469 711 1551 Agendum
744 1481 832 1530 est
864 1470 1023 1530 enim
1060 1469 1133 1530 de
1163 1469 1416 1548 Ordine,
1454 1469 1528 1530 de
1552 1472 1620 1531 eo
1647 1469 1863 1531 scilicet
1896 1471 2050 1546 ritu,
2078 1493 2196 1553 quo

88 1567 370 1648 segregati
398 1589 431 1626 a
459 1565 719 1626 fidelium
754 1575 909 1626 coetu
940 1565 1347 1625 constituimur
1377 1565 1442 1625 in
1472 1564 1850 1626 ecelesiastica
1881 1565 2207 1627 hierarchia

91 1673 150 1722 et
168 1663 244 1722 ad
271 1661 648 1722 ecclesiastica
670 1661 872 1721 munia
899 1659 1169 1721 obeunda
1188 1706 1204 1737 ‚
1237 1671 1306 1720 ut
1338 1660 1517 1721 totius
1545 1658 1809 1722 Ecclesiae
1845 1660 2084 1722 utilitati
2113 1672 2206 1721 at-

89 1778 203 1839 que
236 1767 468 1817 aeternae
500 1757 831 1816 animarum
859 1754 1038 1815 *saluti
1066 1778 1173 1838 pro
1196 1766 1363 1839 parte
1398 1755 1551 1818 virili
1576 1756 1980 1818 inserviamuS.
2063 1769 2072 1774 ·

165 1853 223 1912 2.
269 1852 505 1912 Ordinis
535 1873 756 1911 nomen
790 1851 1057 1910 bifariam
1090 1873 1123 1910 a
1160 1849 1428 1911 Patribus
1456 1851 1735 1934 accipitur
1754 1896 1772 1925 ‚
1816 1850 1913 1914 vel
1946 1872 2057 1934 pro
2077 1851 2206 1934 ipsa

88 1968 248 2006 sacra
289 1947 674 2006 Ordinatione
712 1969 812 2007 seu
840 1947 992 2023 ritu,
1031 1968 1147 2028 quo
1173 1946 1437 2006 Ecclesiae
1459 1947 1710 2006 Ministri
1743 1947 2203 2027 inaugurantur,

90 2040 190 2102 vel
214 2062 323 2122 pro
359 2041 734 2128 ecclesiastica
771 2040 1091 2100 hierarchia
1133 2042 1254 2102 sive
1293 2039 1554 2102 Ecclesiae
1590 2041 1994 2101 Ministrorum
2023 2042 2207 2122 gradu

88 2157 153 2195 ac
195 2135 571 2219 dispositione
619 2141 786 2215 juxta
833 2138 1095 2198 nativam
1142 2136 1314 2214 hujus
1367 2137 1524 2198 vocis
1574 2137 2054 2217 significationem
2094 2137 2205 2216 (l).

91 2231 288 2291 Primo
311 2252 483 2291 sensu
508 2232 745 2315 proprie
774 2253 807 2290 a
836 2231 1051 2290 Latinis
1085 2233 1406 2292 Ordinatio
1429 2242 1670 2293 vocatur
1688 2276 1706 2307 ,
1751 2253 1853 2292 seu
1885 2254 2064 2293 saera
2102 2233 2208 2292 Or-

89 2326 359 2396 dinatio,·
392 2349 426 2386 a
465 2328 674 2386 Graecis
693 2331 967 2408 Χειροτονία
988 2348 1090 2386 seu
1116 2327 1424 2387 Mannum
1449 2331 1704 2386 extensio
1743 2338 1846 2386 aut
1872 2330 2171 2407 porrectio
2189 2376 2206 2398 ,

91 2417 386 2480 interdum
423 2443 563 2483 vero
590 2427 886 2503 Χειροὲεσία
920 2444 1021 2481 seu
1050 2427 1352 2482 Mannum
1389 2426 1688 2502 impositio
1717 2422 1928 2482 dicitur
1956 2423 2066 2504 (2).

172 2513 228 2572 3.
271 2517 355 2574 De
391 2515 610 2575 Ordine
644 2517 820 2597 priori
867 2538 1040 2577 sensu
1083 2529 1319 2599 accepto
1372 2538 1540 2597 agere
1606 2516 1777 2577 nobis
1835 2517 2206 2600 propositum

92 2618 202 2666 est.
247 2609 428 2685 Hinc,
468 2620 754 2690 quatenus
785 2610 943 2669 Ordo
963 2631 1186 2669 sacram
1212 2612 1722 2690 inaugurationem
1746 2612 2032 2692 significat
2055 2659 2073 2688 .,
2098 2635 2207 2672 nos

90 2701 251 2760 ducit
278 2702 352 2760 ad
378 2703 748 2764 statuendam
772 2705 1129 2764 Sacramenti
1161 2707 1470 2765 veritatem
1491 2751 1508 2781 .,
1545 2718 1723 2789 atque
1752 2706 1826 2766 ad
1854 2708 2210 2789 investigan-

90 2795 230 2855 dum
252 2841 269 2870 ‚
314 2797 523 2879 quibus
548 2798 919 2879 potissimum
960 2798 1165 2859 ritibus
1204 2811 1264 2860 et
1296 2799 1570 2881 gradibus
1600 2811 1765 2861 tanta
1795 2801 1917 2862 haec
1957 2801 2206 2883 dignitas

89 2901 415 2974 competat,
456 2902 516 2952 et
549 2915 822 2975 quaenam
849 2894 924 2953 sit
953 2895 1404 2978 uniuscujusque
1439 2896 1682 2957 materia
1702 2942 1718 2973 ,
1756 2898 1942 2958 forma
1962 2944 1979 2974 .‚
2011 2897 2208 2977 subje-

159 3135 228 3199 (l)
245 3136 381 3187 Juxta
405 3138 527 3194 hanc
540 3141 918 3204 significationem
935 3140 987 3191 S.
1005 3140 1104 3190 Au·
1189 3140 1242 3190 E
1243 3141 1377 3192 celes.
1420 3141 1694 3191 hmrckia
1711 3178 1727 3202 ,
1768 3142 1851 3191 lib.
1888 3159 1906 3190 1
1930 3179 1946 3202 ,
1984 3159 2089 3210 cap.
2136 3138 2171 3189 8
2188 3179 2204 3202 ‚

90 3219 325 3282 gustinus‚
356 3218 427 3267 De
443 3223 578 3270 civit.
612 3221 741 3282 Dei,
769 3224 850 3270 lib.
877 3239 950 3271 xlx
965 3259 978 3282 ‚
1003 3241 1106 3288 cap.
1191 3243 1243 3274 n.
1275 3240 1332 3271 ιο
1347 3259 1362 3284 ,
1381 3241 1539 3273 vocem
1559 3221 1828 3291 χειροτονίας
1846 3223 2060 3287 ambigue
2077 3241 2206 3272 usur·

102 3296 160 3344 13
180 3334 193 3357 ‚
225 3315 278 3347 n.
314 3315 330 3346 1
366 3315 380 3347 ε
414 3300 579 3363 Ordo,
611 3305 790 3368 inquit,
824 3313 891 3350 est
908 3306 1108 3370 parium
1193 3306 1325 3370 pari,
1365 3323 1417 3354 ac
1446 3322 1565 3371 saepe
1589 3305 1899 3355 ordinationis
1928 3303 2204 3354 Sacramen-

92 3379 453 3445 dispariumque
487 3400 648 3432 rerum
679 3402 770 3433 sua
802 3388 973 3451 cuique
1011 3386 1111 3436 loca
1195 3393 1297 3434 tum
1316 3387 1393 3447 ‚id
1407 3398 1492 3447 est,
1510 3389 1895 3436 consecrationem
1911 3387 2165 3451 significare
2187 3426 2201 3448 ‚

89 3461 313 3509 tribuens
341 3462 647 3528 diopositio...
1182 3470 1417 3518 interdum
1445 3487 1552 3518 vero
1578 3470 1754 3517 nudam
1781 3469 2049 3518 electionem
2067 3507 2080 3526 ,
2103 3489 2207 3536 quae

159 3544 226 3605 (2)
260 3542 358 3591 cfr.
377 3542 602 3606 Whasse,
627 3556 756 3598 tract.
777 3546 858 3595 De
872 3544 1094 3598 Sacram.
1185 3552 1483 3616 popularibus
1510 3550 1735 3615 suffragiis
1757 3551 1877 3599 'olim
1905 3551 2061 3600 fiebat.
2104 3553 2205 3600 Hac

98 3622 302 3672 Ordinis
326 3660 342 3686 ,
389 3635 503 3689 part.
538 3642 586 3689 1,
621 3645 669 3692 q.
713 3645 730 3675 1
752 3663 770 3690 ,
801 3639 888 3678 art.
925 3647 961 3678 1.
1003 3631 1101 3680 No·
1185 3643 1342 3681 autem
1380 3634 1510 3685 vocis.
1546 3631 1882 3699 ambiguitate,
1925 3644 1977 3682 ut
2012 3635 2209 3683 inferius

94 3707 283 3755 tandum
328 3726 463 3773 porro
495 3718 561 3758 est
605 3726 711 3758 cum
754 3711 939 3761 Petavio
958 3750 972 3773 ‚
1022 3712 1104 3761 De
1186 3714 1445 3764 videbimus
1466 3748 1480 3773 ,
1509 3722 1747 3763 novatores
1778 3732 1892 3780 saepe
1917 3716 2049 3764 abusi
2074 3724 2183 3764 sunt
