2508 4120
301 121 416 182 158
984 142 1304 185 Tuscu-rus
1347 148 1416 185 na
1458 150 1692 197 omnim

385 288 524 348 171.
572 288 751 366 Magis
792 297 990 346 autem
1024 300 1481 349 consentaneam
1519 314 1643 354 esse
1668 294 1857 376 legem
1885 295 2055 357 istam
2085 302 2261 360 statui
2289 301 2421 360 illo-

298 406 432 443 rum
463 382 673 463 quibus
713 382 1073 463 imponitur7
1110 384 1419 445 ostendere
1453 408 1763 469 operosum
1801 414 1923 451 non
1966 404 2073 454 est.
2112 398 2246 456 Jam
2282 419 2421 459 vero

298 491 428 538 tum
459 478 538 536 rei
564 477 746 558 ipsius
775 489 1020 552 natura7
1058 490 1189 537 tum
1217 482 1509 540 unanimis
1542 485 1810 564 Patrum,
1842 489 1960 546 imo
1986 500 2044 548 et
2070 492 2424 571 populorum

297 575 563 634 omnium
614 575 913 634 consensio
932 622 948 648 7
1001 587 1176 657 prout
1236 577 1473 659 ipsimet
1521 579 1837 642 adversarii
1886 592 2008 642 non
2058 585 2385 647 diffitentur
2404 634 2421 659 7

299 681 502 752 aperte
526 670 662 728 satis
685 670 934 744 evincit,
957 682 1173 730 statum
1201 671 1383 747 hunc7
1414 695 1528 753 quo
1555 674 1819 736 homines
1840 680 1905 738 in
1939 692 2158 739 sortem
2186 683 2424 741 Domini

297 778 585 826 vocantur
605 812 620 840 7
654 778 713 826 et
734 766 808 826 ad
831 789 990 827 sacra
1008 790 1255 827 munera
1291 768 1566 829 obeunda
1604 770 1898 850 eliguntur
1918 819 1935 849 7
1969 786 2027 834 et
2051 776 2236 837 veluti
2268 778 2427 838 inter

295 865 487 922 Deum
535 874 594 922 et
635 862 904 922 homines
951 862 1129 923 medii
1174 864 1538 926 collocantur
1557 912 1571 940 7
1615 866 1870 949 reliquos
1908 881 1967 928 et
2013 873 2319 932 sanctitate
2366 885 2427 933 et

295 959 631 1042 praestantia
655 958 826 1039 longe
847 980 1142 1040 superare.
1177 962 1213 1019 J
1216 982 1310 1019 am
1335 983 1474 1020 vero
1495 1006 1510 1035 7
1545 984 1659 1043 quo
1678 974 1861 1022 status
1891 963 2099 1046 aliquis
2125 966 2426 1028 sublimior

302 1067 363 1116 et
386 1055 637 1114 sanctior
653 1066 740 1115 est
758 1101 773 1129 7
795 1076 863 1114 eo
885 1056 1140 1114 sanctius
1166 1066 1226 1114 et
1249 1056 1556 1116 sublimius
1585 1058 1722 1118 vitae
1747 1080 1927 1138 genus
1956 1060 2215 1142 postulat
2237 1088 2253 1135 ς
2296 1085 2418 1125 esse

296 1164 494 1212 autem
523 1150 806 1230 ejusmodi
826 1149 1126 1211 caelibatus
1145 1151 1542 1213 conditionem
1579 1199 1594 1228 7
1623 1153 1796 1213 allata
1819 1164 1949 1214 tum
1973 1156 2187 1215 Christi
2205 1168 2264 1216 et
2282 1159 2430 1239 Apo-

296 1248 582 1309 stolorum
598 1247 866 1329 exempla
882 1258 941 1307 et
956 1247 1250 1322 instituta7
1269 1259 1399 1308 tum
1417 1249 1592 1308 etiam
1609 1250 1878 1310 instituta
1896 1262 1955 1310 et
1976 1274 2146 1311 sensa
2163 1253 2429 1314 omnium

298 1348 562 1426 gentium
580 1393 597 1422 7
630 1358 698 1405 ut
723 1346 898 1428 paulo
928 1356 1061 1428 post
1084 1345 1461 1406 ostendemus
1482 1392 1497 1422 7
1534 1346 1710 1429 plane
1737 1348 2166 1409 demonstrant.

386 1444 527 1503 172.
573 1445 859 1502 Praeterea
886 1442 1039 1501 hanc
1063 1441 1250 1522 legem
1275 1442 1599 1525 plurimum
1627 1444 1891 1504 conferre
1921 1444 1995 1503 ad
2021 1446 2131 1506 rite
2155 1445 2428 1506 obeunda

298 1539 487 1598 officia
514 1539 857 1598 clericorum
895 1538 1076 1596 statui
1115 1538 1341 1598 adnexa
1364 1584 1380 1613 7
1428 1560 1551 1597 non
1591 1540 1788 1598 minus
1826 1539 2132 1600 evidenter
2177 1551 2425 1601 constat.

298 1636 593 1717 Praecipua
630 1634 789 1693 enim
832 1632 1106 1692 clericalis
1143 1633 1364 1693 militiae
1395 1633 1580 1692 officia
1612 1645 1752 1693 sunt
1786 1635 2138 1695 Sacrificium
2178 1637 2425 1715 offerre7

300 1753 467 1791 orare
491 1777 506 1805 7
553 1751 834 1813 praeesse,
879 1728 1087 1789 docere
1109 1774 1125 1803 7
1167 1730 1537 1789 Sacramenta
1575 1729 2022 1806 administrare7
2058 1733 2429 1791 infirmorum

300 1839 361 1888 et
381 1848 707 1909 pauperum
730 1846 929 1884 curam
952 1846 1149 1905 gerere
1164 1870 1180 1899 7
1213 1836 1389 1906 atque
1416 1825 1479 1883 id
1503 1846 1682 1905 genus
1704 1825 1812 1884 alia
1833 1826 2123 1908 religionis
2156 1840 2214 1887 et
2236 1827 2428 1888 chari-

299 1926 436 1984 tatis
467 1924 650 1983 officia
679 1933 954 2004 praestare
978 1967 993 1994 7
1026 1943 1155 2003 quae
1181 1923 1377 1980 virum
1413 1921 1716 2003 postulant
1752 1921 1955 1982 alienis
1991 1924 2143 1982 curis
2185 1924 2429 1983 minime
2483 1941 2486 1945 ·

300 2021 648 2080 distractum
670 2064 685 2094 7
724 2019 824 2100 qui
850 2018 1032 2099 possit
1070 2038 1194 2081 esse
1233 2017 1501 2076 omnium
1538 2017 1899 2077 consiliarius
1926 2064 1942 2093 7
1969 2019 2184 2097 judex7
2224 2032 2426 2102 pater,

301 2118 420 2176 imo
454 2127 514 2174 et
546 2137 748 2174 eorum
770 2160 785 2188 7
827 2136 1077 2194 quorum
1113 2114 1436 2172 commodis
1467 2125 1525 2173 et
1560 2112 1733 2172 saluti
1758 2115 2088 2195 prospicere
2113 2115 2294 2174 veluti
2323 2136 2426 2174 suo

293 2217 428 2290 jure
467 2209 646 2270 debet
669 2255 684 2283 7
728 2208 983 2267 famulus
1022 2219 1080 2267 et
1118 2207 1481 2267 administer.
1513 2210 1648 2267 Jam
1686 2230 1823 2267 vero
1848 2210 1974 2288 quis
2008 2222 2215 2289 neget,
2246 2211 2427 2291 magis

299 2307 563 2366 conferre
608 2305 683 2364 ad
719 2302 1003 2382 ejusmodi
1034 2304 1233 2362 munia
1267 2303 1599 2386 praestanda
1640 2303 1969 2364 caelibatum
2011 2327 2189 2387 quam
2224 2312 2428 2386 conju-

300 2404 459 2483 gium
496 2402 630 2483 (l)?
683 2402 1052 2481 Quapropter
1092 2401 1141 2458 si
1186 2399 1493 2481 Apostolus
1526 2398 1782 2460 declarat
1831 2421 1845 2458 ε
1904 2402 2025 2480 Qui
2069 2407 2199 2461 sine
2243 2424 2428 2462 umore

299 2510 412 2568 est,
450 2500 737 2557 sollicitus
770 2508 854 2554 est
883 2518 1015 2575 quw
1051 2498 1300 2555 Domini
1329 2507 1500 2565 sunt,
1529 2497 1814 2575 quomodo
1847 2498 2091 2576 placeat
2122 2500 2263 2557 Dec.
2306 2500 2433 2578 Qui

300 2606 501 2653 autem
530 2615 673 2654 cum
707 2614 891 2652 umore
915 2603 1032 2665 est7
1066 2594 1350 2652 sollicitus
1379 2603 1461 2651 est
1493 2614 1628 2672 quoe
1670 2604 1817 2651 sunt
1851 2595 2107 2667 mundi,
2144 2597 2428 2674 quomodo

292 2695 530 2774 placcat
548 2694 753 2763 umori,
769 2701 822 2748 et
842 2691 1073 2749 divisus
1100 2701 1185 2749 est
1214 2690 1303 2769 (2)
1324 2735 1339 2764 7
1366 2690 1563 2748 minus
1602 2690 1859 2770 profecto
1893 2690 2120 2749 confert
2154 2690 2229 2749 ad
2265 2711 2417 2771 prae—

298 2788 506 2849 standa
526 2833 542 2863 7
572 2809 701 2868 quae
733 2787 966 2845 Domini
1000 2797 1170 2860 sunt,
1194 2796 1379 2845 status
1411 2786 1662 2865 conjugii
1686 2807 1862 2866 quam
1889 2785 2222 2862 caelibatus;
2264 2786 2423 2866 quod

302 2884 401 2945 vel
430 2885 554 2966 ipse
581 2882 851 2943 Calvinus
886 2881 1055 2939 fateri
1085 2880 1290 2939 debuit
1324 2883 1390 2940 in
1420 2881 1853 2939 commentariis
1881 2880 1956 2938 ad
1994 2880 2236 2939 citatum
2262 2881 2423 2939 Pauli

302 2980 496 3040 locum
526 2978 617 3037 his
642 2975 836 3038 verbis
862 2997 877 3034 z
906 2977 1069 3056 Eryo
1100 2979 1185 3036 sic
1218 2978 1615 3056 intelliyemus
1628 3019 1651 3047 ,
1687 2976 1955 3034 divisum
1986 2997 2100 3034 esse
2124 2977 2426 3036 hominem

302 3081 693 3157 cony'uyatum
709 3117 729 3145 ,
765 3076 914 3152 quia
934 3077 1173 3152 partim
1195 3074 1315 3133 Deo
1332 3119 1348 3142 ,
1364 3076 1603 3151 partim
1627 3075 1874 3151 corty'uyi
1893 3093 1949 3130 se
1982 3073 2229 3131 addicat
2256 3117 2272 3146 7
2304 3094 2424 3132 non

302 3177 385 3234 sit
410 3182 610 3231 autem
639 3171 760 3230 Dei
777 3174 843 3227 in
868 3170 1200 3228 solidum...
1233 3169 1489 3227 Summa
1517 3170 1696 3226 totius
1724 3168 2154 3247 disputationis
2188 3167 2425 3248 (Pauli)

306 3271 422 3328 huc
446 3269 634 3336 redit,
658 3267 959 3323 meliorem
988 3286 1102 3323 esse
1129 3265 1472 3323 caelibatum
1494 3265 1770 3342 conjuqio
1784 3307 1808 3335 ,
1839 3268 1989 3342 quia
2008 3269 2077 3322 in
2102 3266 2203 3323 illo
2229 3269 2428 3342 major

306 3370 386 3424 sit
411 3366 687 3431 libertem,
713 3372 785 3420 ut
808 3361 1139 3441 empeditius
1177 3362 1445 3419 serviant
1470 3360 1733 3419 homines
1760 3360 1880 3418 Deo
1908 3358 2020 3438 (3).
2054 3361 2181 3419 Huc
2207 3356 2423 3419 accedit

377 3556 442 3622 (l)
477 3556 577 3607 Csr.
610 3556 853 3623 zaccaria,
883 3571 958 3621 op.
1002 3554 1079 3603 cit.
1126 3550 1215 3602 lib.
1245 3569 1322 3614 ιιι,
1476 3549 1556 3615 (2)
1590 3551 1693 3602 lad
1721 3550 1832 3603 Cor.
1865 3571 1929 3603 vn
1956 3591 1970 3616 7
2006 3555 2070 3604 32
2094 3563 2137 3603 et
2171 3551 2250 3601 33.

307 3657 412 3705 cap.
441 3655 484 3688 1.
1475 3634 1547 3701 (3)
1584 3636 1638 3686 In
1685 3655 1730 3688 v.
1767 3637 1830 3688 33
1873 3648 1916 3688 et
1938 3656 1986 3689 v.
2022 3634 2117 3698 38,
2162 3652 2272 3701 opp.
2308 3633 2421 3684 edit.
