2508 4120
562 172 686 211 GAP.
734 171 796 209 11.
845 172 914 207 m:
958 169 1299 208 MA'rmmonn
1343 166 1819 207 mormannum.
2110 144 2230 205 265

121 322 404 400 perpetua
439 312 685 392 conjugii
710 310 1214 372 indissolubilitate
1233 355 1249 385 ,
1289 309 1417 370 illas
1442 309 1809 392 exceptiones
1847 306 2088 369 minime
2122 331 2230 392 ap-

119 408 332 493 posuit.
368 409 579 489 Atqui,
623 418 734 467 etc.

203 503 340 561 126.
365 502 594 562 Etenim
611 500 871 560 Christus
894 498 1338 560 deMatrimonio
1360 497 1623 558 absolute
1639 497 2222 579 pronunciat,Matth.

118 599 252 656 XIX
273 643 288 672 ‚
345 599 380 656 9
437 620 450 654 z
513 597 885 676 Quicumque
926 596 1228 653 dimiserit
1259 613 1505 652 uxorem
1542 614 1718 652 suam
1745 637 1768 665 ,
1841 598 1969 652 nisi
2000 594 2073 653 ob
2108 596 2235 672 for·

120 696 482 752 nicationem
505 734 529 763 ,
576 702 631 750 et
667 692 856 748 aliam
896 690 1144 747 dumerit
1163 730 1186 760 ,
1229 687 1565 746 moeclzatur
1604 711 1623 754 ,-
1667 698 1724 746 et
1759 693 1872 768 qui
1918 688 2236 747 dimissam

119 789 366 846 duxerit
385 829 406 857 ,
437 786 782 849 moechatur.
825 785 962 857 Quae
1012 781 1192 844 verba
1229 780 1673 856 clariusadhuc‚
1702 783 1878 841 Marc.
1918 785 1968 841 X
1990 827 2008 859 ‚
2037 782 2146 856 11,
2176 791 2236 842 et

123 882 260 942 Luc.
297 882 426 940 XVI
450 925 465 955 ‚
502 879 574 940 18
603 926 618 955 ,
659 880 898 961 repetit,
924 899 1031 938 nec
1045 877 1225 937 ullam
1247 899 1507 959 unquam
1526 877 1926 958 exceptionem
1949 888 2230 960 apponat.

123 977 247 1035 Imo
262 977 319 1034 S.
341 974 550 1034 Paulus
566 975 816 1055 optimus
833 973 1046 1033 Christi
1059 972 1374 1033 verborum
1387 973 1674 1053 interpres
1677 1015 1700 1044 ,
1717 974 1740 1030 I
1759 971 1835 1032 ad
1847 971 2112 1048 'C0r.V11‚
2133 975 2161 1031 1
2173 973 2232 1048 0,

123 1092 360 1130 omnem
376 1069 772 1152 exceptionem
796 1067 1070 1142 excludit,
1097 1068 1293 1128 dicens
1318 1090 1333 1126 ι
1355 1068 1471 1140 Iis,
1487 1071 1598 1147 qui
1616 1068 2011 1128 Matrimonio
2018 1073 2238 1146 juncti

121 1176 295 1235 sunt,
320 1167 634 1245 praecipio,
654 1185 775 1223 nou
804 1184 924 1244 eqo,
953 1165 1055 1222 sed
1091 1166 1431 1236 Dominus,
1460 1184 1708 1222 uxorem
1736 1185 1774 1222 a
1801 1167 1929 1222 viro
1954 1184 2073 1222 nou
2101 1165 2237 1223 dis-

125 1261 356 1328 cedere,·
392 1261 553 1339 quod
581 1263 636 1318 si
666 1260 1020 1329 discesserit,
1055 1280 1298 1318 manere
1333 1264 1784 1340 innuptamaut
1817 1263 1944 1318 viro
1973 1280 2087 1318 suo
2120 1280 2216 1319 re-

120 1357 469 1428 conciliari,
506 1365 561 1413 et
587 1359 684 1413 vir
709 1375 953 1413 umorem
977 1374 1099 1413 non
1133 1355 1420 1413 dimittat.

205 1449 343 1509 127.
393 1451 583 1522 Quare
617 1449 721 1508 has
766 1450 1136 1530 exceptiones
1180 1450 1452 1510 universa
1487 1448 1818 1530 repudiavit
1853 1449 2171 1532 antiquitas
2211 1475 2229 1524 ς

121 1567 242 1604 non
270 1545 445 1604 modo
485 1546 643 1604 enim
676 1545 876 1604 Patres
925 1556 984 1604 et
1009 1545 1255 1605 Ecclesia
1290 1566 1384 1604 eas
1420 1538 1728 1627 nunquam
1765 1566 2054 1626 agnovere
2075 1589 2092 1619 ,
2131 1543 2237 1604 sed

122 1639 334 1699 directe
370 1638 721 1715 excludunt,
758 1640 884 1701 sive
914 1660 1046 1699 cum
1071 1640 1429 1700 unanimiter
1460 1639 1705 1713 docent,
1747 1660 1870 1699 esse
1909 1638 2238 1699 adulteram

126 1757 254 1795 eam
275 1781 291 1811 a
330 1731 458 1816 quse
489 1736 726 1818 vivente
757 1735 882 1796 viro
916 1734 1090 1795 fuerit
1131 1756 1262 1794 cum
1304 1734 1416 1795 alio
1450 1735 1575 1796 viro
1597 1739 1767 1822 juxta
1805 1734 1954 1794 illud
1979 1733 2241 1817 Apostoli

123 1831 289 1887 Rom.
332 1831 468 1902 VII,
499 1830 576 1903 2,
612 1831 766 1888 inter
794 1852 937 1910 quos
972 1831 1235 1890 eminent
1279 1832 1335 1890 S.
1365 1830 1754 1909 Hieronymus
1783 1830 1875 1910 (1)
1921 1841 1981 1889 et
2021 1831 2080 1889 S.
2118 1832 2240 1890 Au-

124 1924 385 2002 gustinus
425 1924 547 2004 (2),
592 1925 692 2005 qui
719 1925 873 1983 inter
908 1936 1096 1985 cetera
1135 1923 1335 1986 scribit
1370 1947 1383 1982 :
1426 1926 1636 2003 Hujus
1659 1926 1882 2004 procul
1911 1925 2095 1983 dubio
2126 1925 2241 1984 Sa-

122 2023 421 2077 cramenti
441 2041 533 2079 res
559 2031 674 2091 est,
699 2030 769 2078 ut
799 2041 929 2079 mas
958 2031 1014 2078 et
1034 2024 1269 2099 femina
1296 2021 1589 2080 connuhio
1616 2021 1912 2099 copulati,
1938 2020 2240 2098 quamdiu

122 2119 372 2185 vivunt,
400 2115 889 2193 inseparabiliter
914 2126 1287 2194 perseverent
1310 2114 1434 2194 (3);
1465 2114 1586 2176 sive
1620 2134 1751 2172 cum
1795 2114 2063 2191 rejiciunt
2090 2135 2243 2173 una-

124 2209 268 2266 nimi
296 2229 581 2268 consensu
610 2209 762 2289 leges
789 2208 863 2268 ab
893 2208 1347 2291 Imperatoribus
1380 2208 1525 2267 latas
1548 2253 1564 2282 .,
1601 2206 1810 2289 quibus
1847 2206 2241 2289 permitteba-

124 2313 219 2361 tur
242 2302 484 2384 plenum
506 2303 827 2366 divortium
860 2326 962 2364 seu
988 2303 1298 2386 repudium
1317 2349 1332 2378 ‚
1367 2305 1522 2364 inter
1545 2325 1688 2385 quos
1705 2305 1760 2362 S.
1786 2305 1821 2362 J
1826 2325 1959 2363 oan.
1990 2303 2242 2384 Chryso-

124 2408 342 2456 stomus
392 2398 513 2458 haec
565 2399 744 2459 habet
792 2422 806 2457 ε
859 2400 954 2459 Ne
993 2401 1150 2458 milii
1186 2402 1330 2480 leyes
1374 2401 1454 2458 ab
1501 2402 1718 2458 eceteris
1754 2399 2020 2456 conditas
2041 2399 2199 2478 legas
2218 2443 2236 2466 ‚

116 2495 533 2570 praecipientes
562 2494 709 2550 dari
738 2495 1005 2552 libellum
1027 2496 1275 2571 repudii
1302 2504 1359 2551 et
1390 2494 1611 2551 divelli.
1644 2493 1849 2570 Neque
1878 2496 2240 2570 enimjuoeta

126 2587 264 2644 illas
264 2588 671 2663 judicaturus
700 2597 784 2644 est
812 2583 863 2645 te
897 2589 1058 2646 Deus
1088 2592 1156 2646 in
1181 2589 1277 2646 die
1299 2589 1434 2656 illa,
1464 2588 1567 2645 sed
1588 2588 1916 2645 secundum
1943 2609 2065 2661 eas,
2086 2609 2240 2667 quas

127 2684 250 2759 ipse
299 2685 510 2739 statuit
551 2679 653 2759 (4).
703 2682 759 2738 S.
812 2681 1199 2761 Hieronymus
1229 2725 1246 2754 ,
1286 2680 1526 2763 prolatis
1557 2681 1769 2740 Christi
1810 2681 2003 2742 verbis
2041 2704 2055 2740 ε
2101 2683 2240 2761 Qui-

128 2797 379 2855 cumque
402 2777 730 2851 dimiserit,
769 2787 876 2835 etc.
910 2777 1097 2845 Alioe,
1122 2776 1346 2857 inquit,
1371 2786 1515 2835 sunt
1533 2777 1677 2856 leqes
1705 2776 2050 2847 Coesarum,
2094 2779 2235 2837 alioe

201 2978 266 3042 (l)
313 2978 462 3046 Epist
477 2997 552 3042 zv,
577 2980 642 3028 ad
668 2980 953 3030 Amandum
972 3019 986 3042 ,
1019 2999 1065 3029 n.
1092 2983 1141 3042 3,
1226 2979 1361 3029 illum
1373 2980 1526 3031 locum
1549 2998 1562 3030 ε
1583 2971 2002 3047 Mulieralliqata,
2033 2992 2124 3031 etc.
2143 2998 2158 3029 ι
2180 2983 2240 3031 ad

137 3058 242 3107 edit.
269 3059 462 3111 Vallars.
1225 3061 1337 3125 Cor.
1358 3078 1445 3124 vn,
1462 3063 1547 3130 39,
1566 3082 1618 3112 n.
1642 3081 1659 3111 1
1673 3099 1685 3112 .
1706 3061 1785 3119 Mn*
1799 3061 1890 3131 γαῖρ
1903 3084 1981 3127 μοι
2000 3060 2098 3116 vois
2116 3061 2240 3130 πειραὶ

205 3140 271 3202 (2)
308 3142 365 3189 In
388 3143 567 3192 duobus
587 3144 714 3192 libris
736 3145 793 3193 ad
821 3144 1097 3195 Pollentiam
1118 3180 1134 3207 ,
1221 3146 1313 3194 τοῖς
1354 3141 1514 3207 ἔξωθεν
1555 3144 1779 3210 κειμένους
1817 3146 1969 3211 νίμους
2013 3148 2237 3212 ᾀιιιγνᾷς,

138 3221 218 3269 De
258 3218 506 3288 οοηῂιςὶἱέ
521 3225 836 3285 adulterinis,
867 3245 983 3293 quos
1016 3229 1138 3276 vidi-
1219 3223 1318 3280 τυδς
1337 3228 1595 3284 κελεύοντας
1625 3227 1801 3278 διδόναι
1832 3225 2005 3289 βιβλίον
2033 3230 2242 3278 ἅπαντα·

130 3320 235 3351 mus
264 3321 360 3352 esse
401 3306 457 3353 de
483 3306 572 3354 hoc
606 3317 902 3374 argumento.
941 3308 1055 3357 Item
1089 3313 1138 3359 in
1220 3310 1343 3372 o-c‘ov,
1375 3308 1452 3360 nx)
1485 3309 1803 3375 ἀφίστασθαι·
1841 3312 1887 3359 ου’
1915 3308 2003 3377 vaip
2034 3307 2242 3366 321⁸„aeaeae

127 3384 217 3433 lib.
258 3383 327 3433 De
350 3385 468 3433 bono
502 3389 693 3453 conjuq.
720 3406 821 3454 cap.
849 3386 931 3451 24.
1218 3390 1395 3446 τούτους
1432 3415 1500 3443 σοι
1538 3393 1707 3456 μέλλει
1754 3391 1900 3459 κρίνειν
1946 3389 2048 3446 votis·
2085 3391 2238 3457 »ipsave

201 3465 266 3529 (3)
305 3465 376 3515 De
399 3469 613 3534 nuptiis,
637 3470 701 3519 lib
730 3487 747 3518 1
769 3508 782 3528 ,
805 3487 903 3537 cap2
945 3489 1020 3522 10.
1220 3476 1240 3523 ὅ
1275 3473 1385 3529 Θεδς
1426 3478 1463 3523 ἐν
1499 3485 1557 3543 τῇ·
1589 3474 1734 3542 ἡμέραι
1771 3475 1934 3540 ἐκείνῃ,
1972 3473 2099 3526 daza?
2128 3475 2241 3525 καθ’

206 3547 271 3611 (la)
312 3548 371 3597 In
416 3549 554 3600 Hom.
594 3548 665 3599 De
699 3551 851 3601 libello
891 3554 1058 3619 repud.
1086 3557 1134 3604 in
1217 3554 1286 3611 οὓς
1316 3555 1448 3612 adro}
1473 3555 1768 3625 mnamopp.
1797 3569 2016 3622 ioman,
2042 3556 2238 3625 paoni,

1217 3640 1329 3689 edit.
1367 3640 1517 3688 Maur.
