2612 4146
440 214 562 252 GAP.
611 215 678 251 11.
727 214 796 253 ΒΕ
837 214 1093 251 onmmm
1135 211 1365 250 nummo
1406 214 1473 250 m·
1517 213 1845 251 maurum.
2121 190 2197 249 91

99 362 162 419 in
186 358 493 439 Scripturis
514 358 758 417 minime
790 358 1186 439 reperiantur,
1220 357 1299 417 sic
1337 377 1528 438 neque
1555 357 1790 436 reJicere
1814 366 2060 439 possunt
2096 357 2202 416 Sa-

100 453 419 514 cerdotium
443 498 459 527 ,
497 453 631 512 licet
665 452 980 512 Sacerdotii
1009 471 1226 512 nomen
1262 453 1323 511 in
1352 453 1515 513 Novo
1541 453 1910 512 Testamento
1951 474 2073 512 non
2107 473 2204 511 re-

99 550 358 631 periatur
377 594 392 623 ,
419 548 653 629 quando
685 548 922 608 aliunde
944 570 1015 607 ex
1045 547 1217 607 rebus
1247 547 1384 628 ipsis
1412 548 1732 608 necessario
1756 547 2072 628 colligitur,
2099 548 2205 606 Sa—

100 644 338 704 cerdotii
382 644 726 724 dignitatem
770 665 802 702 a
843 643 1075 703 Christo
1110 643 1282 702 fuisse
1323 643 1653 702 institutam
1694 654 1870 725 atque
1918 642 2205 725 Apostolis

101 740 389 798 collatam.
420 740 692 799 Ceterum
722 738 868 797 ratio
887 784 902 813 ,
928 759 1030 797 cur
1051 736 1248 795 altaris
1271 736 1523 795 Ministri
1547 737 1621 795 ab
1642 738 1808 798 initio
1829 737 2208 798 Sacerdotum

99 835 336 894 nomine
371 835 628 913 insigniti
662 831 783 893 non
832 832 1079 907 fuerint,
1115 830 1239 890 haec
1282 851 1404 890 esse
1450 833 1676 912 potuit,
1716 843 1890 913 prout
1935 831 2208 894 observat

99 928 269 989 Card.
287 930 566 989 Roffensis
582 974 598 1003 ,
617 950 693 988 ne
714 927 1212 988 confunderentur
1234 945 1376 984 cum
1390 925 1798 986 Sacerdotibus
1817 928 2077 987 mosaicis
2093 927 2202 1008 (1).

181 1023 278 1083 39.
322 1024 410 1084 Ad
444 1027 529 1082 2ιιι
557 1068 573 1099 ,
621 1026 778 1084 Dist.
825 1021 1092 1081 Excludit
1129 1019 1435 1102 Apostolus
1486 1019 1627 1080 alios
1672 1021 2048 1098 Sacerdotes,
2106 1021 2208 1104 qui

101 1117 332 1177 Christo
362 1119 424 1197 in
448 1117 775 1178 Sacerdotio
795 1115 1143 1191 succedant,
1175 1116 1262 1174 uti
1296 1114 1391 1174 alii
1430 1114 1554 1174 aliis
1585 1115 1975 1175 succedebant
2003 1118 2210 1177 Sacer-

99 1211 263 1272 dotes
292 1213 586 1285 Aaronici‚
616 1225 808 1277 conc.,·
831 1210 933 1291 qui
968 1213 1089 1287 ejus
1121 1210 1272 1271 vices
1305 1201 1510 1290 gerant
1535 1255 1551 1285 ,
1593 1230 1695 1270 seu
1730 1211 2124 1270 ministerium
2153 1209 2207 1273 ei

95 1317 370 1387 praestent
394 1310 456 1366 in
491 1306 775 1366 Sacrificio
815 1304 1149 1381 offerendO,
1192 1327 1323 1386 neq.
1358 1305 1471 1386 (2).

177 1402 277 1461 40.
325 1402 415 1462 Ad
442 1402 556 1477 3¹¹²,
597 1405 758 1463 Dist.
798 1401 1150 1467 Sacrificium
1189 1401 1637 1462 eucharisticum
1670 1414 1760 1462 est
1800 1402 2114 1483 mysticum
2149 1413 2210 1463 et

96 1499 638 1578 repraesentativum
666 1499 892 1558 ratione
922 1497 1119 1572 modi,
1147 1519 1263 1579 quo
1293 1497 1572 1573 offertur,
1608 1519 1769 1558 conc.
1778 1522 1797 1566 ‚·
1832 1498 2059 1557 ratione
2081 1498 2206 1575 rei,

95 1611 224 1671 quae
259 1592 530 1668 offertur,
569 1613 669 1652 seu
702 1593 765 1652 in
789 1613 852 1652 se
871 1638 888 1667 ,
927 1615 1058 1673 neq.
1093 1593 1308 1651 Verum
1331 1592 1490 1650 enim
1521 1603 1581 1650 et
1612 1591 1767 1652 reale
1797 1591 1992 1674 quoad
2020 1613 2212 1652 essen-

96 1686 239 1746 tiam
267 1699 354 1746 est
384 1688 732 1747 Sacrificium
754 1733 771 1763 ,
807 1687 962 1769 quod
987 1688 1050 1745 in
1076 1686 1246 1746 altari
1280 1686 1557 1761 offerturt,
1597 1708 1734 1747 cum
1761 1688 1824 1746 in
1854 1686 2210 1748 Eucharistia

8 1805 10 1807 ’
95 1802 233 1843 vere
263 1781 539 1842 offeratur
576 1783 796 1865 Corpus
828 1794 887 1842 et
922 1783 1164 1862 Sanguis
1207 1782 1459 1857 Christi,
1500 1793 1560 1842 et
1606 1805 1728 1842 non
1771 1783 1836 1841 in
1878 1783 2061 1863 figura
2086 1826 2104 1858 ,
2142 1794 2210 1842 ut

97 1898 200 1936 suo
231 1877 355 1936 loco
389 1877 750 1937 ostendimus
780 1877 904 1959 (3),
947 1877 1195 1959 ideoque
1231 1899 1435 1937 verum
1477 1899 1711 1959 quoque
1747 1899 1812 1937 ac
1846 1877 2002 1937 reale
2033 1876 2210 1937 debet

99 1993 220 2030 esse
247 1972 642 2031 Sacerdotium
664 2017 679 2047 ,
718 1984 776 2032 et
801 1995 921 2031 non
949 1974 1258 2053 mysticum
1278 1984 1514 2031 tantum
1533 1994 1601 2032 ac
1623 1974 2202 2054 repraesentativum.

177 2065 275 2128 41.
306 2066 437 2145 Obj.
472 2068 755 2142 secunda,
787 2066 1063 2129 adversus
1079 2068 1323 2127 alteram
1348 2090 1514 2149 prop.
1540 2080 1787 2150 partem.
1820 2070 1884 2126 1⁰
1901 2069 2209 2151 Scripturae

94 2162 310 2243 passim
354 2162 706 2221 Christianos
746 2183 948 2222 omnes
989 2162 1319 2222 Sacerdotio
1358 2164 1663 2242 insignitos
1700 2162 2016 2236 exhibent,
2053 2166 2209 2244 Apo-

93 2255 271 2314 stolus
293 2256 450 2317 enim
482 2260 681 2318 Petrus
701 2303 716 2332 ,
742 2262 766 2317 I
792 2259 968 2340 Epist.
1001 2259 1053 2316 ΙΙ
1069 2303 1085 2333 ,
1113 2259 1149 2317 5
1169 2303 1185 2333 ,
1211 2259 1566 2317 Christianos
1591 2269 1758 2318 vocat
1789 2260 2205 2318 Sacerdotium

95 2363 368 2411 sanctum
390 2399 408 2423 ,
444 2364 503 2412 et
538 2353 680 2413 ibid.
725 2376 787 2415 v.
829 2357 899 2429 9,
948 2353 1181 2413 eosdem
1233 2353 1372 2413 dicit
1416 2356 1608 2435 reyale
1647 2355 2068 2413 Sacerdotium
2092 2401 2111 2425 ‚
2148 2365 2211 2414 et

98 2446 389 2522 Joanne5‚
433 2450 608 2530 Apoc.
651 2451 708 2524 I,
750 2449 788 2508 5
834 2461 894 2509 et
933 2451 1007 2525 6,
1047 2450 1225 2510 refert
1272 2449 1567 2509 Christum
1614 2450 1806 2530 ipsum
1852 2447 2020 2507 nobis
2079 2471 2209 2508 om—

103 2537 268 2599 nibus
311 2541 463 2600 hanc
503 2545 946 2624 praerogativam
982 2544 1324 2619 contulisse,
1364 2544 1509 2603 dum
1544 2547 1696 2602 lavit
1736 2565 1841 2601 nos
1881 2566 1921 2602 a
1945 2549 2211 2623 peccatis

98 2638 313 2694 nostris
341 2640 410 2694 in
443 2640 739 2717 sanquine
773 2659 910 2707 suc,
946 2649 1004 2698 et
1032 2643 1181 2717 fecit
1215 2659 1322 2697 nos
1348 2659 1604 2718 regnum
1636 2649 1693 2696 et
1721 2639 2057 2698 Sacerdotes
2085 2642 2210 2699 Deo

93 2740 148 2788 et
187 2731 374 2788 Patri
408 2753 536 2790 suo.
599 2733 667 2790 20
702 2733 902 2792 Patres
944 2734 1254 2815 propterea
1289 2732 1449 2794 idem
1486 2733 1885 2793 Sacerdotium
1938 2732 2208 2793 fidelibus

93 2823 601 2885 indiscriminatim
621 2827 892 2887 omnibus
921 2830 1140 2909 pariter
1163 2828 1466 2904 tribuunt,
1492 2830 1646 2888 inter
1666 2850 1813 2911 quos
1835 2830 1896 2888 S.
1917 2829 2209 2909 Hierony-

98 2941 252 2996 muS,
287 2923 388 3003 qui
410 2935 694 2982 memorat
716 2925 1129 2984 Sacerdotium
1155 2927 1302 2984 laici
1332 2925 1422 3006 (4)
1444 2970 1460 3000 ,
1491 2924 1556 2984 30
1579 2927 1868 3008 praecipue
1905 2946 2043 2986 vero
2067 2926 2210 2984 Ter-

98 3013 415 3101 tullianus,
456 3018 552 3100 qui
599 3019 662 3077 in
697 3017 800 3078 lib.
849 3022 939 3080 De
977 3022 1381 3080 exhortatione
1422 3025 1754 3090 castitatis,
1797 3041 1926 3103 cap.
1975 3020 2011 3080 7
2035 3065 2051 3095 ,
2099 3019 2209 3078 hoc

101 3107 424 3172 Sacerdotio
467 3114 702 3196 proprie
745 3113 898 3174 dieto
942 3115 1215 3176 omnibus
1264 3117 1562 3176 communi
1606 3127 1887 3199 tanquam
1936 3115 2208 3199 principii

166 3352 230 3413 (1)
266 3352 407 3403 Sacri
417 3352 681 3406 Sacerdotii
709 3358 917 3423 defensio
937 3369 1103 3409 contra
1253 3362 1320 3426 (2)
1354 3360 1455 3412 cfr.
1499 3379 1601 3427 quae
1638 3361 1904 3425 scripsimus
1938 3369 2072 3408 tract.
2122 3359 2202 3407 De

101 3432 398 3495 Lutherum,
427 3436 589 3488 Colon.
618 3437 744 3490 1525
764 3477 777 3499 ‚
815 3440 1102 3505 Gangre-saus
1187 3442 1470 3492 Eucharist.
1507 3461 1559 3491 ιι.
1593 3439 1691 3491 260
1731 3450 1774 3489 et
1815 3457 1949 3507 seqq.
1983 3457 2086 3508 quae
2113 3441 2208 3490 huc

101 3515 287 3575 tertius,
306 3533 359 3564 ιι.
384 3532 399 3563 1
412 3514 458 3564 5.
481 3517 578 3568 cfr.
598 3523 735 3569 etiam
753 3519 861 3574 Nat.
876 3522 1103 3573 Alexand.
1191 3529 1360 3592 pariter
1378 3527 1660 3575 reseruntur.

107 3596 215 3645 diss.
243 3614 322 3645 xm
346 3600 394 3645 in
417 3597 556 3649 Hist.
582 3598 720 3652 Eccl.
737 3620 829 3653 sec.
848 3620 930 3652 xm
947 3615 992 3654 et
1008 3622 1103 3667 xiv,
1262 3605 1333 3671 (3)
1368 3607 1493 3654 lbid.
1521 3623 1573 3654 ιι.
1605 3603 1702 3654 253
1724 3615 1768 3654 et
1800 3622 1933 3672 seqq.

98 3675 124 3741 ὃ
152 3676 232 3731 35·
1253 3690 1331 3752 (4)
1364 3685 1504 3737 Dial.
1532 3686 1713 3736 advers.
1750 3686 2054 3752 Luciferian.
2075 3702 2124 3733 ιι.
2149 3681 2202 3747 4.
