2612 4146
390 147 468 205 50
896 145 1228 207 ‘rme'rxrus
1275 168 1342 203 nn
1387 167 1651 205 ExrnnnA
1699 170 2002 207 Umcmoxm.

470 312 527 368 2.
577 310 710 369 Haec
759 320 954 367 autem
988 307 1252 366 definitio
1271 352 1286 381 ,
1336 329 1465 389 quae
1515 330 1720 369 omnes
1770 311 2181 393 complectitur
2221 312 2395 392 hujus
2424 317 2527 375 Sa—

399 407 684 465 cramenti
714 415 941 486 partes7
981 401 1292 462 veritatem
1331 422 1549 484 nempe
1591 406 1852 482 ejusdem
1888 408 2277 482 Sacramenti,
2311 408 2529 487 subJec-

394 514 552 574 tum,
593 499 933 570 materiam,
974 497 1225 557 formam
1264 509 1323 557 et
1359 497 1672 574 effectum,
1717 514 1966 583 quatuor
1997 502 2087 562 his
2123 503 2362 563 Concilii
2409 506 2528 564 Tri-

339 661 342 663 ,
392 597 616 656 dentini
656 591 980 652 canonibus
1020 592 1192 652 editis
1230 614 1369 652 sess.
1408 596 1536 652 XIV
1571 596 1926 656 continetur.
1976 597 2120 658 Can.
2173 602 2194 656 I
2231 622 2243 658 :
2285 601 2359 658 Si
2390 606 2528 679 quis

389 696 646 761 diaerit,
682 692 1047 751 Extremam
1098 692 1450 751 Uozctionem
1492 713 1611 751 non
1639 715 1757 753 esse>
1789 715 1916 754 vere
1945 707 2001 756 et
2021 700 2279 776 proprie
2314 699 2528 757 Sacra-

383 802 656 849 mentum
693 811 734 848 a
790 788 1025 848 Christo
1071 794 1324 848 Domino
1361 790 1581 850 Nostro
1624 795 1977 851 institutum
2013 805 2068 852 et
2104 817 2143 853 a
2186 797 2260 854 Β.
2301 796 2526 855 Jacobo

324 904 332 907 ”
386 889 660 967 Apostolo
677 888 1142 966 promulqatum
1157 930 1178 956 ,
1209 887 1315 944 sed
1336 889 1530 946 ritum
1556 896 1800 947 tantum
1825 900 2126 968 receptum
2143 913 2181 948 a
2203 892 2526 964 Patribus,

386 994 499 1041 aut
517 985 871 1063 flymentum
898 982 1242 1041 humanum
1258 982 1615 1050 ,anathema
1634 987 1735 1042 sit.
1764 985 1906 1043 Can.
1932 985 2016 1042 11:
2039 985 2111 1042 Si
2123 991 2259 1064 quis
2275 987 2525 1056 elimarit,

387 1102 631 1139 sacram
668 1080 1064 1157 infirmorum
1117 1078 1469 1138 Unctionem
1503 1100 1625 1137 uon
1655 1083 1929 1158 conferre
1953 1085 2260 1160 qratiam,
2298 1104 2403 1141 nec
2430 1105 2527 1142 re-

388 1180 621 1236 mittere
643 1186 896 1255 peccata
911 1219 933 1247 ,
964 1196 1068 1234 nec
1087 1175 1375 1235 alleviare
1396 1177 1673 1256 infirmos
1692 1207 1729 1248 ,¹
1752 1178 2013 1254 secljarn
2043 1199 2320 1254 cessasse,
2351 1185 2535 1258 quasi

386 1276 531 1332 olim
557 1282 800 1330 tantum·
821 1273 1021 1349 fuerit
1045 1275 1256 1350 qratia
1288 1277 1714 1341 curationum,
1738 1273 2062 1332 anatliema
2091 1277 2189 1333 sit.
2219 1275 2360 1334 Can.
2401 1276 2480 1334 ΙΙΙ
2510 1298 2523 1333 2

387 1370 462 1428 Si
485 1374 625 1447 quis
651 1368 913 1439 dixerit⁷
953 1366 1260 1426 Eoetremoe
1295 1366 1610 1426 Unctionis
1643 1371 1839 1426 ritum
1873 1380 1929 1450 et
1962 1390 2144 1451 usum
2166 1414 2183 1442 ‚
2227 1392 2404 1448 quem
2429 1373 2533 1430 ob-

383 1474 583 1525 servat
603 1464 831 1521 Sancta
854 1462 1138 1522 Romana
1164 1462 1473 1535 Ecclesia,
1511 1484 1855 1543 repuynare
1888 1469 2190 1523 sententioe
2215 1466 2287 1524 B.
2312 1467 2537 1526 Jacohi

387 1561 687 1640 Apostoli,
706 1559 949 1637 ideoque
973 1579 1113 1616 eum
1138 1559 1546 1631 mutandum,
1563 1580 1843 1639 posseque
1865 1582 1903 1617 a
1923 1559 2296 1619 Christianis
2311 1563 2534 1639 absque

381 1666 619 1736 peccato
652 1657 986 1723 contemni,
1012 1654 1362 1714 anatliema.
1384 1658 1483 1712 sit.
1515 1655 1658 1713 Can.
1685 1655 1791 1713 1V:
1824 1656 1898 1713 Si
1915 1661 2055 1735 quis
2075 1657 2335 1725 dixerit,
2363 1657 2533 1715 Pres-

390 1753 620 1832 byteros
647 1752 934 1811 Ecclesioe
945 1793 966 1822 ,
990 1772 1135 1829 quos
1162 1751 1236 1809 B.
1268 1751 1537 1810 Jacohus
1563 1751 1942 1810 adducendos
1963 1773 2079 1809 esse
2108 1752 2194 1809 ad
2213 1751 2533 1831 infirmum

388 1848 818 1929 inunqendum
849 1847 1131 1906 hortatur
1144 1890 1166 1918 ,
1199 1867 1319 1905 non
1340 1868 1455 1906 esse
1479 1848 1817 1906 Sacerdotes
1837 1848 1917 1905 ab
1945 1848 2249 1928 Episcopo
2279 1850 2534 1908 ordina-

388 1955 506 2014 tos,
543 1945 647 2002 sed
664 1953 838 2002 oetate
856 1948 1151 2014 seniores,
1190 1944 1259 2002 ob
1291 1944 1473 2022 idque
1496 1947 1833 2023 proprium
1873 1943 2183 2002 Eoetremoe
2217 1945 2534 2004 Unctionis

385 2045 747 2099 ministrum
782 2060 903 2098 non
934 2060 1049 2097 esse
1077 2040 1268 2097 solum
1302 2040 1709 2109 Sacerdotem,
1750 2041 2081 2098 anathema
2104 2045 2203 2100 sit.

474 2136 533 2195 3.
584 2137 730 2194 Cum
787 2156 927 2194 vero
952 2181 967 2209 ,
1014 2134 1375 2193 Sacramenti
1419 2135 1669 2195 veritate
1716 2135 1898 2195 semel
1939 2138 2255 2196 constituta
2277 2182 2293 2210 ‚
2343 2147 2534 2196 cetera

386 2242 597 2315 sponte
621 2230 840 2305 fluant,
866 2251 998 2312 quae
1021 2229 1097 2288 ad
1121 2219 1316 2313 ipsum
1346 2240 1615 2312 spectant
1633 2277 1647 2304 ,
1673 2231 1829 2290 hanc
1856 2254 2036 2290 unam
2062 2232 2281 2291 directe
2310 2253 2535 2313 propu-

389 2348 568 2408 gnare
606 2328 685 2385 sic
717 2325 1127 2408 proposuimus
1150 2372 1166 2401 a
1213 2336 1281 2383 ut
1320 2325 1545 2407 reliqua
1590 2326 1874 2386 doctrinae
1922 2327 2110 2410 capita
2142 2374 2156 2403 ‚
2198 2349 2330 2409 quae
2360 2327 2422 2385 in
2470 2348 2535 2386 ea

386 2422 807 2496 includuntur,
834 2420 1138 2481 nonnullis
1170 2419 1400 2480 scholiis
1425 2420 1807 2482 illustremus

1305 2598 1548 2657 CAPUT
1592 2601 1635 2657 Ι.

720 2745 789 2779 DE
834 2743 1112 2781 vmuTA'rE
1158 2741 1519 2781 SACRAMENTI
1563 2743 1835 2782 EXTREMAE
1879 2745 2199 2781 UNC'rloms.

471 2901 527 2959 4.
575 2899 832 2973 Quinam
862 2896 1037 2977 primi
1068 2895 1288 2954 fuerint
1314 2897 1693 2956 insectatores
1737 2897 1999 2957 veritatis
2022 2943 2037 2971 7
2071 2918 2248 2979 quam
2281 2895 2531 2958 adstrui-

385 3019 519 3058 mus
543 3041 559 3070 .,
605 2995 780 3073 hujus
821 2991 1185 3052 Sacramenti
1221 2989 1455 3051 difficile
1497 3013 1735 3073 prorsus
1776 3003 1865 3051 est
1906 2991 2170 3051 definire.
2220 2993 2333 3051 Viri
2371 2994 2533 3053 enim

386 3092 604 3155 eruditi
646 3089 1031 3162 WaldenseS,
1075 3085 1415 3148 Wicleffitas
1457 3099 1517 3147 et
1558 3088 1821 3147 Hussitas
1864 3087 1937 3147 ab
1981 3087 2090 3147 hac
2126 3088 2534 3149 criminatione

387 3188 764 3251 vindicarunt
794 3184 906 3265 (l).
939 3184 1097 3243 Citra
1131 3203 1310 3242 omne
1341 3181 1586 3241 dubium
1624 3194 1744 3258 est,
1779 3183 2102 3244 Lutherum
2134 3195 2193 3243 et
2223 3183 2533 3244 Calvinum

457 3364 521 3428 (l)
559 3364 865 3414 Bellarminus
882 3370 1065 3411 accusat
1096 3359 1375 3410 Waldenses
1394 3397 1407 3422 ‚
1496 3364 1809 3426 septenarium
1825 3359 2235 3410 sacramentorum
2251 3378 2506 3410 numerum
2519 3396 2532 3418 ‚

388 3445 654 3512 Albigenses
677 3457 722 3497 et
742 3443 1020 3495 Wicleffitas
1037 3479 1056 3507 ,
1082 3441 1210 3510 quod
1237 3444 1411 3509 rejece·
1495 3451 1616 3496 inter
1653 3459 1757 3510 quae
1795 3443 2097 3494 recensebant
2140 3445 2407 3495 Extremam
2438 3442 2535 3491 Un·

386 3531 483 3579 rint
510 3518 1121 3579 Sacramentum'Extremae
1151 3524 1409 3576 Unctionis.
1494 3524 1818 3577 ctionem.Cf1-.
1832 3525 1965 3578 Hm.
1980 3526 2354 3588 desvariatim‚
2369 3525 2451 3577 liv.
2468 3543 2531 3586 ιι,

388 3613 447 3662 At
471 3613 658 3663 Bossuet
680 3613 880 3662 ostendit
903 3650 916 3674 ,
938 3611 1041 3661 illos
1070 3610 1305 3662 haeteticos
1331 3625 1412 3675 pe·
1495 3607 1549 3676 §§
1589 3606 1709 3670 108,
1748 3625 1839 3675 ¹09
1865 3607 1953 3675 et§
1982 3607 2091 3660 180.

390 3696 524 3747 rinde
544 3713 596 3745 ac
625 3695 836 3744 Hussitas
862 3696 981 3744 nihil
1012 3697 1256 3744 innovasse
1293 3693 1413 3741 circa
