2508 4120
642 200 789 235 .οΑ1».
835 198 914 238 lv.
964 198 1030 232 m:
1075 193 1442 231 mammenus
1486 192 1693 230 mx'rls.
2097 164 2209 226 377

113 340 368 401 ostendit
389 385 404 413 ,
434 340 557 398 haec
582 338 843 417 conjugia
873 328 1190 417 pessimum
1214 333 1433 392 exitum
1461 333 1663 391 sortita
1690 351 1831 390 esse.
1858 328 1922 388 30
1945 324 2095 388 Hinc
2123 328 2212 388 le-

48 504 50 506 ,
111 438 323 516 gimUS‚
367 437 447 494 111
482 437 620 513 Reg.
658 435 769 508 XI,
812 433 842 490 1
874 443 934 490 et
965 451 1086 510 seq.
1125 428 1569 515 Reoe'Salomon
1590 427 1905 485 adamavit
1933 426 2214 483 mulieres

110 534 476 610 alieniyenas
505 530 806 586 multati...
840 527 906 583 de
924 523 1243 604 gentihus,
1278 543 1461 600 super
1486 523 1708 600 quihus
1738 522 1898 578 dimit
1915 521 2214 579 Dominus

106 628 251 703 filiis
273 626 468 685 Israel
492 644 512 681 .·
530 622 671 682 Non
690 621 1126 699 inqrediemini
1147 618 1232 675 ad
1253 638 1386 687 eas‘,
1417 637 1605 695 neque
1632 617 1701 673 de
1727 618 1850 674 illis
1873 615 2215 695 inqredien-

111 730 215 779 tur
234 720 321 777 ad
342 728 595 783 vestras;
623 719 945 775 certissime
970 718 1132 771 enim
1165 722 1434 771 avertent
1458 712 1635 770 corda
1662 721 1879 784 vestra,
1910 721 1980 768 ut
2001 731 2218 789 sequa-

110 816 272 872 mini
296 813 426 869 deos
451 833 682 869 aarum.
727 811 874 869 Cum
913 829 1052 870 vero
1079 807 1287 866 eadem
1323 807 1469 865 ratio
1505 807 1695 886 vigeat
1721 851 1737 880 ,
1772 806 1893 864 imo
1931 810 2122 883 major
2150 805 2215 863 in

111 905 412 967 connubiis
432 905 861 964 Catholicorum
879 925 1012 963 cum
1025 902 1351 985 acatholicis
1367 900 1440 961 ob
1457 903 1770 961 faciliorem
1791 900 2211 978 seductionem,

110 1002 320 1061 exinde
342 1010 566 1060 constat
586 1045 602 1076 ,
626 999 791 1058 nullo
820 1020 1079 1080 unquam
1106 999 1168 1056 in
1200 1020 1333 1057 casu
1359 1019 1423 1058 ea
1457 998 1612 1057 licita
1637 992 1789 1057 fierit
1813 995 1999 1080 posse.
2025 992 2097 1056 4⁶
2111 997 2215 1056 Di·-

112 1098 247 1157 vina
288 1117 460 1177 porro
489 1095 583 1154 lex
616 1116 743 1176 quae
790 1105 950 1154 vetat
996 1093 1279 1172 ejusmodi
1328 1093 1591 1173 conjugia
1646 1114 1780 1152 cum
1825 1092 2058 1151 moralis
2108 1092 2215 1168 sit,

114 1213 420 1272 nunquam
457 1212 489 1249 a
544 1211 909 1272 quacumque
957 1189 1193 1249 demum
1238 1190 1579 1248 auctoritate
1606 1235 1622 1263 ,
1675 1189 1852 1248 etiam
1902 1209 2176 1269 suprema
2195 1231 2213 1262 ,
2251 1234 2255 1237 -

114 1297 309 1367 potest
343 1285 756 1344 relaxationem
796 1284 1124 1344 admittere.
1171 1283 1258 1343 Ad
1298 1283 1420 1343 haec
1459 1288 1644 1362 majus
1679 1283 1912 1366 pondus
1950 1282 2209 1358 accedit,

116 1382 163 1439 si
182 1380 544 1457 observetur,
565 1380 630 1438 5⁰
644 1402 944 1461 nunquam
965 1379 1178 1438 licitam
1205 1400 1326 1439 esse
1343 1380 1699 1450 Sacramenti
1722 1381 2212 1463 profanationem,

114 1498 238 1559 quae
274 1480 334 1535 in
370 1478 579 1536 talium
605 1478 999 1557 conjugiorum
1030 1475 1415 1536 celebratione
1446 1498 1676 1558 semper
1702 1468 2068 1551 intervenit,
2093 1474 2215 1537 sfve

115 1573 384 1632 minister
414 1573 770 1631 Matrimonii
800 1571 1024 1630 dicatur
1054 1569 1328 1630 Sacerdos
1346 1615 1362 1643 ,
1390 1571 1511 1631 sive
1534 1572 1803 1630 dicantur
1835 1573 1946 1653 ipsi
1981 1581 2216 1630 contra·

112 1666 353 1745 hentes3
383 1689 521 1726 nam
551 1666 827 1726 Sacerdos
850 1712 866 1741 ,
891 1668 953 1725 in
981 1667 1161 1747 priori
1189 1666 1483 1725 sententia
1503 1665 1988 1739 ,administraret
2010 1666 2216 1724 Sacra-

108 1773 377 1820 mentum
411 1749 714 1822 manifeste
746 1761 996 1841 indignis
1020 1786 1040 1839 3
1080 1761 1236 1842 quod
1266 1763 1312 1819 si
1334 1761 1590 1819 *ministri
1620 1761 1737 1819 sint
1764 1760 2175 1820 contrahentes
2194 1804 2211 1835 ‚

108 1867 168 1914 et
204 1857 313 1935 ipsi
361 1856 630 1935 sacrilege
682 1858 932 1916 invicem
983 1855 1092 1915 sibi
1142 1857 1623 1928 administrarent
1662 1857 2103 1914 Sacramentum
2154 1866 2215 1917 et

108 1950 343 2029 indigne
365 1952 749 2032 perciperent.
776 1951 841 2009 60
871 1954 1182 2010 Peccarent
1211 1961 1490 2032 praeterea
1515 1949 1777 2010 catholici
1803 1949 2212 2011 contrahentes

110 2045 286 2103 etiam
317 2066 389 2104 ex
414 2066 480 2103 eo
513 2046 703 2127 capite
725 2091 740 2119 ,
761 2044 919 2129 quod
944 2046 1443 2104 communicarent
1464 2045 1526 2103 in
1547 2066 1610 2104 re
1645 2066 1802 2131 sacra
1827 2066 1960 2104 cum
1988 2067 2214 2106 excom-

106 2140 434 2199 municatiS.
494 2141 626 2200 Sive
663 2141 837 2220 igitur
875 2140 1108 2199 accedat
1138 2142 1302 2199 Rom.
1339 2140 1631 2198 Pontificis
1666 2139 2057 2221 dispensatio,
2090 2142 2213 2203 sive

107 2255 262 2307 non,
298 2255 603 2315 nunquam
635 2245 808 2294 erunt
836 2234 992 2292 licita
1025 2230 1208 2292 mixta
1250 2234 1532 2314 conjugia.
1568 2235 1636 2293 7ο
1674 2235 1996 2294 Dicendum
2027 2257 2212 2318 prop-

107 2341 264 2389 terea
291 2341 379 2388 est
400 2375 416 2405 ,
440 2329 748 2390 Ecclesiam
793 2352 895 2390 seu
924 2332 1092 2390 Rom.
1120 2329 1460 2388 Pontificem
1481 2374 1496 2403 ,
1541 2350 1673 2388 cum
1695 2329 1759 2387 in
1787 2331 1854 2388 iis
1886 2330 2208 2411 dispensat,

105 2423 292 2482 solum
333 2445 397 2482 ea
445 2425 785 2504 permittere
838 2446 940 2483 seu
981 2425 1228 2483 tolerare
1250 2467 1267 2496 ‚
1307 2424 1546 2482 minime
1580 2445 1718 2485 vero
1754 2423 2041 2505 probare,
2078 2446 2212 2485 cum

107 2539 336 2598 semper
371 2517 514 2576 tales
554 2518 994 2576 commixtiones
1025 2516 1337 2576 abhorrere
1360 2528 1581 2599 pergat.
1619 2519 1782 2597 Ergo,

186 2612 325 2671 293.
382 2615 551 2695 Resp.
586 2614 733 2693 Ney.
758 2612 1003 2672 ant.'Ad
1036 2614 1116 2670 1¹¹¹
1140 2611 1306 2691 prob.
1337 2615 1495 2671 Dist.
1521 2613 1690 2686 Quod
1720 2613 2210 2675 tamen—»absolute

106 2709 288 2768 averti
334 2730 434 2766 seu
468 2711 751 2768 removeri
798 2720 1026 2790 potest,
1063 2727 1251 2775 conc.,·
1287 2706 1444 2789 quod
1484 2706 1743 2767 absolute
1781 2710 2069 2769 removeri
2103 2731 2210 2770 ne-

106 2814 280 2883 queat
300 2847 315 2877 ,
344 2826 467 2883 neq.
500 2803 670 2861 Haud
699 2803 1045 2879 inficiamur,
1079 2824 1252 2883 grave
1282 2803 1471 2861 inesse
1498 2803 1820 2884 periculum
1848 2805 1910 2861 in
1945 2803 2036 2863 his
2066 2826 2208 2863 con·

99 2898 268 2976 jugiis
287 2943 303 2972 ,
339 2899 425 2957 uti
457 2899 736 2957 evincunt
765 2919 830 2957 ea
855 2899 1080 2974 omnia,
1120 2898 1330 2979 quaein
1355 2898 1638 2979 superiori
1661 2899 2056 2980 propositione
2087 2898 2208 2958 dis·

109 2994 409 3052 seruimUS.
439 2995 710 3053 Attamen
744 3039 758 3067 ,
786 3015 918 3052 cum
957 2993 1239 3072 ejusmodi
1267 2992 1595 3074 periculum·
1624 2994 1898 3053 intimum
1938 3016 2059 3052 non
2099 2994 2205 3070 sit,

104 3106 211 3143 nec
264 3089 581 3146 necessario
635 3089 1068 3168 perversionem
1116 3087 1378 3146 includat
1397 3133 1412 3162 ,
1468 3109 1594 3169 quae
1642 3088 1830 3148 solum
1871 3088 2089 3170 pendet
2135 3110 2207 3149 ex

106 3179 480 3261 dispositione
523 3181 709 3240 fidelis
741 3203 838 3240 seu
871 3182 1172 3258 catholici,
1198 3183 1335 3241 hinc
1354 3229 1369 3258 ,
1399 3184 1446 3241 si
1477 3205 1543 3242 ea
1565 3183 1958 3242 adhibeantur
1982 3183 2202 3262 media,

107 3295 237 3355 quae
266 3276 513 3353 suggerit
533 3277 655 3356 ipsa
686 3274 887 3355 religio
908 3321 924 3352 ,
949 3298 1013 3336 ac
1037 3277 1421 3359 praescribunt
1444 3278 1687 3336 Romani
1715 3278 2044 3353 PontificeS,
2072 3300 2205 3339 cum

94 3369 156 3425 in
189 3368 278 3427 his
314 3371 588 3449 conjugiis
624 3371 993 3452 dispensant,
1030 3375 1214 3434 averti
1257 3372 1400 3431 illud
1433 3384 1645 3455 potest.
1695 3374 1895 3454 Neque
1922 3374 2203 3434 omitten-

97 3462 268 3532 dum,
293 3485 449 3544 saepe
483 3466 790 3526 imminere
820 3467 1145 3548 periculum
1172 3469 1559 3550 perversionis
1584 3511 1601 3540 ,
1638 3469 1727 3525 sin
1760 3468 1952 3527 minus
1973 3470 2037 3528 in
2061 3470 2199 3542 fide,

95 3557 302 3616 saltem
345 3559 406 3616 in
432 3559 723 3635 moribuS,
764 3563 989 3643 quoties
1031 3562 1235 3644 aliquis
1270 3564 1444 3623 etiam
1481 3583 1614 3620 cum
1649 3566 1890 3643 conjuge
1918 3562 2196 3623 catholica

99 3651 315 3712 foedere
362 3655 606 3735 nuptiali
627 3658 891 3736 jungitur
911 3703 925 3732 ,
962 3658 1061 3739 qui
1088 3657 1401 3739 depravata
1432 3669 1628 3718 mente
1653 3679 1716 3718 ac
1746 3657 2045 3719 voluntate
2068 3677 2199 3716 cum

1 3752 7 3804 ἰ

2 3814 7 3869 ξ

4 3875 9 3909 l

5 3922 9 3966 1
