<?xml version="1.0" encoding="UTF-8"?>
<!DOCTYPE html PUBLIC "-//W3C//DTD XHTML 1.0 Transitional//EN"
    "http://www.w3.org/TR/xhtml1/DTD/xhtml1-transitional.dtd">
<html xmlns="http://www.w3.org/1999/xhtml" xml:lang="en" lang="en">
 <head>
  <title>
</title>
<meta http-equiv="Content-Type" content="text/html;charset=utf-8" />
  <meta name='ocr-system' content='tesseract 3.04.00' />
  <meta name='ocr-capabilities' content='ocr_page ocr_carea ocr_par ocr_line ocrx_word'/>
</head>
<body>
  <div class='ocr_page' id='page_1' title='image "a603693807perruoft_0305.png"; bbox 0 0 2508 4120; ppageno 0'>
   <div class='ocr_carea' id='block_1_1' title="bbox 433 164 2193 240">
    <p class='ocr_par' dir='ltr' id='par_1_1' title="bbox 433 164 2193 240">
     <span class='ocr_line' id='line_1_1' title="bbox 433 164 2193 240; baseline 0.001 -17"><span class='ocrx_word' id='word_1_1' title='bbox 433 183 555 223; x_wconf 70' lang='lat' dir='ltr'>cn.</span> <span class='ocrx_word' id='word_1_2' title='bbox 604 182 687 221; x_wconf 89' lang='lat'>111.</span> <span class='ocrx_word' id='word_1_3' title='bbox 738 184 806 220; x_wconf 73' lang='lat' dir='ltr'>nn</span> <span class='ocrx_word' id='word_1_4' title='bbox 847 181 1247 222; x_wconf 71' lang='lat' dir='ltr'>mmmmm&#39;ns</span> <span class='ocrx_word' id='word_1_5' title='bbox 1291 183 1667 240; x_wconf 60' lang='lat' dir='ltr'>mammona,</span> <span class='ocrx_word' id='word_1_6' title='bbox 1720 185 1842 223; x_wconf 74' lang='lat' dir='ltr'>mc.</span> <span class='ocrx_word' id='word_1_7' title='bbox 2063 164 2193 225; x_wconf 78' lang='lat'>297·</span> 
     </span>
    </p>
   </div>
   <div class='ocr_carea' id='block_1_2' title="bbox 23 323 2256 3451">
    <p class='ocr_par' dir='ltr' id='par_1_2' title="bbox 70 323 2200 682">
     <span class='ocr_line' id='line_1_2' title="bbox 72 323 2178 401; baseline 0 -14"><span class='ocrx_word' id='word_1_8' title='bbox 72 328 287 395; x_wconf 68' lang='lat' dir='ltr'>clasiae,</span> <span class='ocrx_word' id='word_1_9' title='bbox 337 324 498 385; x_wconf 91' lang='lat' dir='ltr'>nulla</span> <span class='ocrx_word' id='word_1_10' title='bbox 543 323 822 384; x_wconf 85' lang='lat' dir='ltr'><strong>tribuitur</strong></span> <span class='ocrx_word' id='word_1_11' title='bbox 861 326 1207 401; x_wconf 68' lang='lat' dir='ltr'>auctoritaS,</span> <span class='ocrx_word' id='word_1_12' title='bbox 1259 324 1364 384; x_wconf 92' lang='lat' dir='ltr'>sed</span> <span class='ocrx_word' id='word_1_13' title='bbox 1397 326 1546 385; x_wconf 89' lang='lat' dir='ltr'>ratio</span> <span class='ocrx_word' id='word_1_14' title='bbox 1588 331 1747 386; x_wconf 75' lang='lat' dir='ltr'>testis</span> <span class='ocrx_word' id='word_1_15' title='bbox 1786 325 2178 388; x_wconf 80' lang='lat' dir='ltr'>solummodo,</span> 
     </span>
     <span class='ocr_line' id='line_1_3' title="bbox 72 419 2192 502; baseline 0.001 -22"><span class='ocrx_word' id='word_1_16' title='bbox 72 419 241 481; x_wconf 87' lang='lat' dir='ltr'>Addo</span> <span class='ocrx_word' id='word_1_17' title='bbox 266 465 281 494; x_wconf 63' lang='lat'>,</span> <span class='ocrx_word' id='word_1_18' title='bbox 307 419 391 478; x_wconf 88' lang='lat' dir='ltr'>nil</span> <span class='ocrx_word' id='word_1_19' title='bbox 407 441 730 502; x_wconf 82' lang='lat' dir='ltr'>repugnare</span> <span class='ocrx_word' id='word_1_20' title='bbox 753 431 812 479; x_wconf 93' lang='lat' dir='ltr'>et</span> <span class='ocrx_word' id='word_1_21' title='bbox 832 419 928 480; x_wconf 90' lang='lat' dir='ltr'>hic</span> <span class='ocrx_word' id='word_1_22' title='bbox 954 421 1129 479; x_wconf 88' lang='lat' dir='ltr'>etiam</span> <span class='ocrx_word' id='word_1_23' title='bbox 1148 442 1367 479; x_wconf 87' lang='lat' dir='ltr'>nomen</span> <span class='ocrx_word' id='word_1_24' title='bbox 1395 420 1658 480; x_wconf 84' lang='lat' dir='ltr'>Ecclesiae</span> <span class='ocrx_word' id='word_1_25' title='bbox 1681 434 1838 482; x_wconf 89' lang='lat' dir='ltr'>arcte</span> <span class='ocrx_word' id='word_1_26' title='bbox 1867 421 1941 481; x_wconf 93' lang='lat' dir='ltr'>ad</span> <span class='ocrx_word' id='word_1_27' title='bbox 1964 422 2192 482; x_wconf 90' lang='lat' dir='ltr'>clerum·</span> 
     </span>
     <span class='ocr_line' id='line_1_4' title="bbox 70 514 2198 596; baseline 0.002 -24"><span class='ocrx_word' id='word_1_28' title='bbox 70 514 512 594; x_wconf 81' lang='lat' dir='ltr'>significandum</span> <span class='ocrx_word' id='word_1_29' title='bbox 531 515 709 596; x_wconf 85' lang='lat' dir='ltr'>accipi</span> <span class='ocrx_word' id='word_1_30' title='bbox 729 559 745 589; x_wconf 74' lang='grc'><em>,</em></span> <span class='ocrx_word' id='word_1_31' title='bbox 770 535 903 573; x_wconf 91' lang='lat' dir='ltr'>cum</span> <span class='ocrx_word' id='word_1_32' title='bbox 930 515 1312 596; x_wconf 84' lang='lat' dir='ltr'>constitutum</span> <span class='ocrx_word' id='word_1_33' title='bbox 1339 516 1436 590; x_wconf 73' lang='lat' dir='ltr'>sit,</span> <span class='ocrx_word' id='word_1_34' title='bbox 1465 514 1540 573; x_wconf 86' lang='lat' dir='ltr'>ad</span> <span class='ocrx_word' id='word_1_35' title='bbox 1559 515 1819 575; x_wconf 88' lang='lat' dir='ltr'>valorem</span> <span class='ocrx_word' id='word_1_36' title='bbox 1837 518 2198 577; x_wconf 74' lang='lat' dir='ltr'>Matrimonii</span> 
     </span>
     <span class='ocr_line' id='line_1_5' title="bbox 73 608 2200 682; baseline 0.002 -14"><span class='ocrx_word' id='word_1_37' title='bbox 73 609 286 669; x_wconf 88' lang='lat' dir='ltr'>debere</span> <span class='ocrx_word' id='word_1_38' title='bbox 317 610 466 669; x_wconf 91' lang='lat' dir='ltr'>illud</span> <span class='ocrx_word' id='word_1_39' title='bbox 501 631 694 668; x_wconf 89' lang='lat' dir='ltr'>coram</span> <span class='ocrx_word' id='word_1_40' title='bbox 720 609 983 675; x_wconf 90' lang='lat' dir='ltr'>Parocho</span> <span class='ocrx_word' id='word_1_41' title='bbox 1023 608 1338 682; x_wconf 69' lang='lat' dir='ltr'>celebrari,</span> <span class='ocrx_word' id='word_1_42' title='bbox 1379 611 1459 668; x_wconf 86' lang='lat' dir='ltr'>ita</span> <span class='ocrx_word' id='word_1_43' title='bbox 1500 622 1565 668; x_wconf 96' lang='lat' dir='ltr'>ut</span> <span class='ocrx_word' id='word_1_44' title='bbox 1605 611 1836 670; x_wconf 90' lang='lat' dir='ltr'>nullum</span> <span class='ocrx_word' id='word_1_45' title='bbox 1866 614 2013 672; x_wconf 89' lang='lat' dir='ltr'>foret</span> <span class='ocrx_word' id='word_1_46' title='bbox 2047 634 2200 672; x_wconf 84' lang='lat' dir='ltr'>con-—</span> 
     </span>
    </p>

    <p class='ocr_par' dir='ltr' id='par_1_3' title="bbox 23 702 2190 880">
     <span class='ocr_line' id='line_1_6' title="bbox 23 702 2190 784; baseline 0.004 -22"><span class='ocrx_word' id='word_1_47' title='bbox 23 736 25 738; x_wconf 92' lang='lat'>·</span> <span class='ocrx_word' id='word_1_48' title='bbox 61 706 326 784; x_wconf 77' lang='lat' dir='ltr'>jugium‚</span> <span class='ocrx_word' id='word_1_49' title='bbox 365 705 412 762; x_wconf 88' lang='lat' dir='ltr'>si</span> <span class='ocrx_word' id='word_1_50' title='bbox 462 702 709 763; x_wconf 87' lang='lat' dir='ltr'>absente</span> <span class='ocrx_word' id='word_1_51' title='bbox 766 703 1020 763; x_wconf 84' lang='lat' dir='ltr'>Parocho</span> <span class='ocrx_word' id='word_1_52' title='bbox 1062 724 1256 763; x_wconf 88' lang='lat' dir='ltr'>coram</span> <span class='ocrx_word' id='word_1_53' title='bbox 1292 703 1570 764; x_wconf 91' lang='lat' dir='ltr'>fidelium</span> <span class='ocrx_word' id='word_1_54' title='bbox 1620 705 1998 768; x_wconf 89' lang='lat' dir='ltr'>multitudine</span> <span class='ocrx_word' id='word_1_55' title='bbox 2038 708 2190 770; x_wconf 85' lang='lat' dir='ltr'>cele-</span> 
     </span>
     <span class='ocr_line' id='line_1_7' title="bbox 71 800 477 880; baseline 0 -21"><span class='ocrx_word' id='word_1_56' title='bbox 71 800 341 860; x_wconf 84' lang='lat' dir='ltr'>braretur</span> <span class='ocrx_word' id='word_1_57' title='bbox 369 800 477 880; x_wconf 83' lang='lat' dir='ltr'>(l).</span> 
     </span>
    </p>

    <p class='ocr_par' dir='ltr' id='par_1_4' title="bbox 72 892 2256 3451">
     <span class='ocr_line' id='line_1_8' title="bbox 155 892 2192 975; baseline 0.001 -21"><span class='ocrx_word' id='word_1_58' title='bbox 155 895 293 954; x_wconf 89' lang='grc'><strong>176.</strong></span> <span class='ocrx_word' id='word_1_59' title='bbox 342 895 431 956; x_wconf 85' lang='lat' dir='ltr'>Ad</span> <span class='ocrx_word' id='word_1_60' title='bbox 462 895 547 952; x_wconf 80' lang='lat'>2¹¹²</span> <span class='ocrx_word' id='word_1_61' title='bbox 567 939 584 969; x_wconf 73' lang='grc'><em>,</em></span> <span class='ocrx_word' id='word_1_62' title='bbox 622 896 781 954; x_wconf 76' lang='lat' dir='ltr'>Dist.</span> <span class='ocrx_word' id='word_1_63' title='bbox 813 896 896 954; x_wconf 87' lang='lat' dir='ltr'>Ita</span> <span class='ocrx_word' id='word_1_64' title='bbox 920 905 1119 954; x_wconf 90' lang='lat' dir='ltr'>tamen</span> <span class='ocrx_word' id='word_1_65' title='bbox 1140 904 1206 952; x_wconf 93' lang='lat' dir='ltr'>ut</span> <span class='ocrx_word' id='word_1_66' title='bbox 1228 892 1518 953; x_wconf 88' lang='lat' dir='ltr'>Lutherus</span> <span class='ocrx_word' id='word_1_67' title='bbox 1546 895 1741 975; x_wconf 69' lang='lat' dir='ltr'>layum</span> <span class='ocrx_word' id='word_1_68' title='bbox 1769 897 2192 957; x_wconf 77' lang='lat' dir='ltr'>humanarum</span> 
     </span>
     <span class='ocr_line' id='line_1_9' title="bbox 73 991 2202 1074; baseline 0.001 -23"><span class='ocrx_word' id='word_1_69' title='bbox 73 992 313 1051; x_wconf 86' lang='lat' dir='ltr'>nomine</span> <span class='ocrx_word' id='word_1_70' title='bbox 344 991 620 1070; x_wconf 81' lang='lat' dir='ltr'>significet</span> <span class='ocrx_word' id='word_1_71' title='bbox 647 991 791 1069; x_wconf 74' lang='grc'>[0903</span> <span class='ocrx_word' id='word_1_72' title='bbox 820 991 1237 1049; x_wconf 77' lang='lat' dir='ltr'>ecclesiasticas</span> <span class='ocrx_word' id='word_1_73' title='bbox 1285 1001 1339 1049; x_wconf 82' lang='lat' dir='ltr'>et</span> <span class='ocrx_word' id='word_1_74' title='bbox 1360 992 1741 1070; x_wconf 78' lang='lat' dir='ltr'>pontificias,</span> <span class='ocrx_word' id='word_1_75' title='bbox 1789 1014 1948 1052; x_wconf 77' lang='lat' dir='ltr'>conc,</span> <span class='ocrx_word' id='word_1_76' title='bbox 1974 1017 1994 1060; x_wconf 83' lang='lat'>,-</span> <span class='ocrx_word' id='word_1_77' title='bbox 2039 993 2202 1074; x_wconf 75' lang='lat' dir='ltr'>leges</span> 
     </span>
     <span class='ocr_line' id='line_1_10' title="bbox 72 1084 2196 1169; baseline 0.002 -25"><span class='ocrx_word' id='word_1_78' title='bbox 72 1088 440 1169; x_wconf 85' lang='lat' dir='ltr'>principum,</span> <span class='ocrx_word' id='word_1_79' title='bbox 482 1107 612 1165; x_wconf 71' lang='lat' dir='ltr'>neq.</span> <span class='ocrx_word' id='word_1_80' title='bbox 661 1085 810 1143; x_wconf 88' lang='lat' dir='ltr'>Satis</span> <span class='ocrx_word' id='word_1_81' title='bbox 851 1086 1011 1145; x_wconf 89' lang='lat' dir='ltr'>enim</span> <span class='ocrx_word' id='word_1_82' title='bbox 1055 1097 1142 1144; x_wconf 88' lang='lat' dir='ltr'>est</span> <span class='ocrx_word' id='word_1_83' title='bbox 1191 1084 1386 1145; x_wconf 91' lang='lat' dir='ltr'>oculos</span> <span class='ocrx_word' id='word_1_84' title='bbox 1429 1087 1713 1164; x_wconf 85' lang='lat' dir='ltr'>conjicere</span> <span class='ocrx_word' id='word_1_85' title='bbox 1753 1087 1816 1145; x_wconf 91' lang='lat' dir='ltr'>in</span> <span class='ocrx_word' id='word_1_86' title='bbox 1841 1087 2062 1147; x_wconf 89' lang='lat' dir='ltr'>librum</span> <span class='ocrx_word' id='word_1_87' title='bbox 2105 1091 2196 1149; x_wconf 81' lang='lat' dir='ltr'>De</span> 
     </span>
     <span class='ocr_line' id='line_1_11' title="bbox 74 1180 2195 1265; baseline 0.001 -24"><span class='ocrx_word' id='word_1_88' title='bbox 74 1186 422 1262; x_wconf 81' lang='lat' dir='ltr'>captivitate</span> <span class='ocrx_word' id='word_1_89' title='bbox 445 1183 661 1261; x_wconf 74' lang='lat' dir='ltr'>Babyl.</span> <span class='ocrx_word' id='word_1_90' title='bbox 690 1193 757 1239; x_wconf 91' lang='lat' dir='ltr'>ut</span> <span class='ocrx_word' id='word_1_91' title='bbox 785 1181 1030 1262; x_wconf 89' lang='lat' dir='ltr'>quisque</span> <span class='ocrx_word' id='word_1_92' title='bbox 1054 1180 1206 1240; x_wconf 90' lang='lat' dir='ltr'>illico</span> <span class='ocrx_word' id='word_1_93' title='bbox 1227 1181 1518 1260; x_wconf 84' lang='lat' dir='ltr'>intelligat</span> <span class='ocrx_word' id='word_1_94' title='bbox 1540 1182 1886 1260; x_wconf 85' lang='lat' dir='ltr'>Lutherum,</span> <span class='ocrx_word' id='word_1_95' title='bbox 1907 1195 2195 1265; x_wconf 89' lang='lat' dir='ltr'>perpetuo</span> 
     </span>
     <span class='ocr_line' id='line_1_12' title="bbox 76 1276 2205 1358; baseline 0.001 -23"><span class='ocrx_word' id='word_1_96' title='bbox 76 1276 397 1336; x_wconf 84' lang='lat' dir='ltr'>declamare</span> <span class='ocrx_word' id='word_1_97' title='bbox 427 1276 703 1336; x_wconf 83' lang='lat' dir='ltr'>adversus</span> <span class='ocrx_word' id='word_1_98' title='bbox 728 1276 1155 1358; x_wconf 88' lang='lat' dir='ltr'>impedimenta</span> <span class='ocrx_word' id='word_1_99' title='bbox 1188 1299 1219 1334; x_wconf 90' lang='lat' dir='ltr'>a</span> <span class='ocrx_word' id='word_1_100' title='bbox 1254 1276 1522 1335; x_wconf 81' lang='lat' dir='ltr'>Conciliis</span> <span class='ocrx_word' id='word_1_101' title='bbox 1553 1288 1729 1358; x_wconf 90' lang='lat' dir='ltr'>atque</span> <span class='ocrx_word' id='word_1_102' title='bbox 1759 1299 1791 1336; x_wconf 89' lang='lat' dir='ltr'>a</span> <span class='ocrx_word' id='word_1_103' title='bbox 1822 1278 2205 1338; x_wconf 86' lang='lat' dir='ltr'>Pontificibus·</span> 
     </span>
     <span class='ocr_line' id='line_1_13' title="bbox 73 1372 2197 1452; baseline 0.001 -21"><span class='ocrx_word' id='word_1_104' title='bbox 73 1373 422 1447; x_wconf 78' lang='lat' dir='ltr'>constituta,</span> <span class='ocrx_word' id='word_1_105' title='bbox 462 1393 593 1452; x_wconf 81' lang='lat' dir='ltr'>quae</span> <span class='ocrx_word' id='word_1_106' title='bbox 630 1382 798 1431; x_wconf 89' lang='lat' dir='ltr'>vocat</span> <span class='ocrx_word' id='word_1_107' title='bbox 841 1378 985 1452; x_wconf 70' lang='grc'>10903</span> <span class='ocrx_word' id='word_1_108' title='bbox 1023 1372 1333 1430; x_wconf 76' lang='lat' dir='ltr'>hominum</span> <span class='ocrx_word' id='word_1_109' title='bbox 1353 1415 1375 1444; x_wconf 84' lang='lat'><em>,</em></span> <span class='ocrx_word' id='word_1_110' title='bbox 1416 1374 1563 1452; x_wconf 73' lang='lat' dir='ltr'>[eyes</span> <span class='ocrx_word' id='word_1_111' title='bbox 1596 1375 1963 1451; x_wconf 75' lang='lat' dir='ltr'>&#39;tyrannicas</span> <span class='ocrx_word' id='word_1_112' title='bbox 1984 1417 2005 1447; x_wconf 90' lang='lat'><em>,</em></span> <span class='ocrx_word' id='word_1_113' title='bbox 2053 1396 2197 1433; x_wconf 84' lang='lat' dir='ltr'>con-</span> 
     </span>
     <span class='ocr_line' id='line_1_14' title="bbox 77 1465 2208 1548; baseline 0.001 -22"><span class='ocrx_word' id='word_1_114' title='bbox 77 1473 307 1527; x_wconf 74' lang='lat' dir='ltr'>trarias</span> <span class='ocrx_word' id='word_1_115' title='bbox 328 1469 443 1546; x_wconf 72' lang='lat' dir='ltr'>Ieyi</span> <span class='ocrx_word' id='word_1_116' title='bbox 462 1469 617 1537; x_wconf 82' lang='lat' dir='ltr'>Dei,</span> <span class='ocrx_word' id='word_1_117' title='bbox 653 1478 761 1526; x_wconf 90' lang='lat' dir='ltr'>etc.</span> <span class='ocrx_word' id='word_1_118' title='bbox 801 1478 976 1548; x_wconf 86' lang='lat' dir='ltr'>atque</span> <span class='ocrx_word' id='word_1_119' title='bbox 1010 1465 1342 1525; x_wconf 89' lang='lat' dir='ltr'>concludit:</span> <span class='ocrx_word' id='word_1_120' title='bbox 1373 1468 1600 1525; x_wconf 77' lang='lat' dir='ltr'>Statuit</span> <span class='ocrx_word' id='word_1_121' title='bbox 1625 1469 1770 1547; x_wconf 70' lang='lat' dir='ltr'>leqes</span> <span class='ocrx_word' id='word_1_122' title='bbox 1804 1468 2025 1548; x_wconf 73' lang='lat' dir='ltr'>Papa?</span> <span class='ocrx_word' id='word_1_123' title='bbox 2056 1470 2208 1528; x_wconf 81' lang='lat' dir='ltr'>Sibi</span> 
     </span>
     <span class='ocr_line' id='line_1_15' title="bbox 73 1563 2195 1642; baseline 0.001 -22"><span class='ocrx_word' id='word_1_124' title='bbox 73 1573 329 1631; x_wconf 77' lang='lat' dir='ltr'>statuat,</span> <span class='ocrx_word' id='word_1_125' title='bbox 353 1584 485 1620; x_wconf 85' lang='lat' dir='ltr'>mea</span> <span class='ocrx_word' id='word_1_126' title='bbox 512 1567 678 1620; x_wconf 73' lang='lat' dir='ltr'>salva</span> <span class='ocrx_word' id='word_1_127' title='bbox 703 1563 974 1621; x_wconf 83' lang='lat' dir='ltr'>libertate</span> <span class='ocrx_word' id='word_1_128' title='bbox 992 1607 1008 1632; x_wconf 84' lang='grc'>.,</span> <span class='ocrx_word' id='word_1_129' title='bbox 1038 1563 1126 1620; x_wconf 80' lang='lat' dir='ltr'>vel</span> <span class='ocrx_word' id='word_1_130' title='bbox 1145 1563 1366 1620; x_wconf 74' lang='lat' dir='ltr'>occulte</span> <span class='ocrx_word' id='word_1_131' title='bbox 1387 1572 1669 1640; x_wconf 72' lang='lat' dir='ltr'>surrepta</span> <span class='ocrx_word' id='word_1_132' title='bbox 1696 1563 1806 1642; x_wconf 78' lang='lat'><strong>(2).</strong></span> <span class='ocrx_word' id='word_1_133' title='bbox 1828 1565 2043 1637; x_wconf 71' lang='lat' dir='ltr'>Quare,</span> <span class='ocrx_word' id='word_1_134' title='bbox 2059 1584 2195 1622; x_wconf 90' lang='lat' dir='ltr'>cum</span> 
     </span>
     <span class='ocr_line' id='line_1_16' title="bbox 73 1654 2201 1736; baseline 0 -20"><span class='ocrx_word' id='word_1_135' title='bbox 73 1655 337 1716; x_wconf 78' lang='lat' dir='ltr'>catholici</span> <span class='ocrx_word' id='word_1_136' title='bbox 360 1655 622 1716; x_wconf 89' lang='lat' dir='ltr'>doctores</span> <span class='ocrx_word' id='word_1_137' title='bbox 649 1655 863 1715; x_wconf 89' lang='lat' dir='ltr'>multas</span> <span class='ocrx_word' id='word_1_138' title='bbox 887 1655 1254 1736; x_wconf 82' lang='lat' dir='ltr'>collegissent</span> <span class='ocrx_word' id='word_1_139' title='bbox 1283 1654 1820 1714; x_wconf 86' lang='lat' dir='ltr'>animadversiones</span> <span class='ocrx_word' id='word_1_140' title='bbox 1853 1668 2055 1716; x_wconf 87' lang='lat' dir='ltr'>contra</span> <span class='ocrx_word' id='word_1_141' title='bbox 2081 1659 2201 1717; x_wconf 85' lang='lat' dir='ltr'>Lu-</span> 
     </span>
     <span class='ocr_line' id='line_1_17' title="bbox 74 1750 2200 1832; baseline 0.001 -22"><span class='ocrx_word' id='word_1_142' title='bbox 74 1750 229 1811; x_wconf 86' lang='lat' dir='ltr'>theri</span> <span class='ocrx_word' id='word_1_143' title='bbox 261 1751 477 1811; x_wconf 89' lang='lat' dir='ltr'>librum</span> <span class='ocrx_word' id='word_1_144' title='bbox 506 1754 594 1812; x_wconf 84' lang='lat' dir='ltr'>De</span> <span class='ocrx_word' id='word_1_145' title='bbox 625 1755 845 1832; x_wconf 81' lang='lat' dir='ltr'>captiv.</span> <span class='ocrx_word' id='word_1_146' title='bbox 874 1753 1122 1831; x_wconf 60' lang='lat' dir='ltr'>Babyl„</span> <span class='ocrx_word' id='word_1_147' title='bbox 1156 1762 1332 1831; x_wconf 86' lang='lat' dir='ltr'>atque</span> <span class='ocrx_word' id='word_1_148' title='bbox 1362 1751 1517 1810; x_wconf 89' lang='lat' dir='ltr'>inter</span> <span class='ocrx_word' id='word_1_149' title='bbox 1546 1762 1764 1810; x_wconf 90' lang='lat' dir='ltr'>ceteras</span> <span class='ocrx_word' id='word_1_150' title='bbox 1781 1751 1933 1813; x_wconf 86' lang='lat' dir='ltr'>hanc</span> <span class='ocrx_word' id='word_1_151' title='bbox 1955 1751 2200 1812; x_wconf 78' lang='lat' dir='ltr'>Lutheri</span> 
     </span>
     <span class='ocr_line' id='line_1_18' title="bbox 77 1840 2246 1929; baseline 0.001 -24"><span class='ocrx_word' id='word_1_152' title='bbox 77 1847 429 1905; x_wconf 80' lang='lat' dir='ltr'>sententiam</span> <span class='ocrx_word' id='word_1_153' title='bbox 477 1846 549 1906; x_wconf 90' lang='lat' dir='ltr'>de</span> <span class='ocrx_word' id='word_1_154' title='bbox 586 1848 834 1927; x_wconf 81' lang='lat' dir='ltr'>conjugii</span> <span class='ocrx_word' id='word_1_155' title='bbox 875 1846 1310 1929; x_wconf 77' lang='lat' dir='ltr'>impedimentis</span> <span class='ocrx_word' id='word_1_156' title='bbox 1342 1867 1584 1904; x_wconf 88' lang='lat' dir='ltr'>censura</span> <span class='ocrx_word' id='word_1_157' title='bbox 1619 1858 1967 1906; x_wconf 83' lang='lat' dir='ltr'>notassent:</span> <span class='ocrx_word' id='word_1_158' title='bbox 2014 1848 2196 1907; x_wconf 81' lang='lat' dir='ltr'>Chri·</span> <span class='ocrx_word' id='word_1_159' title='bbox 2243 1840 2246 1844; x_wconf 31' lang='lat'><strong><em>⁴</em></strong></span> 
     </span>
     <span class='ocr_line' id='line_1_19' title="bbox 75 1942 2200 2021; baseline 0.002 -23"><span class='ocrx_word' id='word_1_160' title='bbox 75 1945 294 2000; x_wconf 71' lang='lat' dir='ltr'>stianis</span> <span class='ocrx_word' id='word_1_161' title='bbox 330 1943 491 2000; x_wconf 72' lang='lat' dir='ltr'>nihil</span> <span class='ocrx_word' id='word_1_162' title='bbox 522 1944 642 2000; x_wconf 80' lang='lat' dir='ltr'>ullo</span> <span class='ocrx_word' id='word_1_163' title='bbox 658 1947 808 2019; x_wconf 79' lang='lat' dir='ltr'>jure</span> <span class='ocrx_word' id='word_1_164' title='bbox 841 1945 1078 2021; x_wconf 78' lang='lat' dir='ltr'>imponi</span> <span class='ocrx_word' id='word_1_165' title='bbox 1102 1963 1273 2020; x_wconf 75' lang='lat' dir='ltr'>posse</span> <span class='ocrx_word' id='word_1_166' title='bbox 1312 1946 1510 2020; x_wconf 64' lang='lat' dir='ltr'>layum</span> <span class='ocrx_word' id='word_1_167' title='bbox 1556 1944 1676 2000; x_wconf 77' lang='lat' dir='ltr'>sive</span> <span class='ocrx_word' id='word_1_168' title='bbox 1704 1943 1783 1999; x_wconf 87' lang='lat' dir='ltr'>ah</span> <span class='ocrx_word' id='word_1_169' title='bbox 1808 1942 2048 2001; x_wconf 75' lang='lat' dir='ltr'>homine</span> <span class='ocrx_word' id='word_1_170' title='bbox 2080 1946 2200 2002; x_wconf 78' lang='lat' dir='ltr'>sive</span> 
     </span>
     <span class='ocr_line' id='line_1_20' title="bbox 76 2035 2256 2119; baseline 0 -24"><span class='ocrx_word' id='word_1_171' title='bbox 76 2038 155 2095; x_wconf 84' lang='lat' dir='ltr'>ab</span> <span class='ocrx_word' id='word_1_172' title='bbox 187 2038 465 2117; x_wconf 66' lang='lat' dir='ltr'>AmycliS,</span> <span class='ocrx_word' id='word_1_173' title='bbox 490 2041 617 2096; x_wconf 77' lang='lat' dir='ltr'>nisi</span> <span class='ocrx_word' id='word_1_174' title='bbox 641 2048 941 2116; x_wconf 75' lang='lat' dir='ltr'>quantum</span> <span class='ocrx_word' id='word_1_175' title='bbox 971 2039 1206 2108; x_wconf 77' lang='lat' dir='ltr'>volunt,</span> <span class='ocrx_word' id='word_1_176' title='bbox 1231 2035 1387 2094; x_wconf 91' lang='lat' dir='ltr'>idem</span> <span class='ocrx_word' id='word_1_177' title='bbox 1419 2036 1702 2095; x_wconf 89' lang='lat' dir='ltr'>Lutherus</span> <span class='ocrx_word' id='word_1_178' title='bbox 1729 2038 1791 2095; x_wconf 91' lang='lat' dir='ltr'>in</span> <span class='ocrx_word' id='word_1_179' title='bbox 1808 2038 2099 2119; x_wconf 88' lang='lat' dir='ltr'>responsis</span> <span class='ocrx_word' id='word_1_180' title='bbox 2122 2037 2203 2097; x_wconf 92' lang='lat' dir='ltr'>ad·</span> <span class='ocrx_word' id='word_1_181' title='bbox 2253 2110 2256 2113; x_wconf 11' lang='grc' dir='ltr'>ψ</span> 
     </span>
     <span class='ocr_line' id='line_1_21' title="bbox 75 2130 2201 2213; baseline 0 -23"><span class='ocrx_word' id='word_1_182' title='bbox 75 2130 308 2190; x_wconf 83' lang='lat' dir='ltr'>eosdem</span> <span class='ocrx_word' id='word_1_183' title='bbox 344 2130 613 2190; x_wconf 84' lang='lat' dir='ltr'>articulos</span> <span class='ocrx_word' id='word_1_184' title='bbox 642 2132 900 2213; x_wconf 86' lang='lat' dir='ltr'>reposuit</span> <span class='ocrx_word' id='word_1_185' title='bbox 927 2152 941 2189; x_wconf 90' lang='lat'>:</span> <span class='ocrx_word' id='word_1_186' title='bbox 969 2132 1101 2190; x_wconf 87' lang='lat' dir='ltr'>Hoc</span> <span class='ocrx_word' id='word_1_187' title='bbox 1126 2152 1247 2189; x_wconf 79' lang='lat' dir='ltr'>non</span> <span class='ocrx_word' id='word_1_188' title='bbox 1271 2132 1341 2188; x_wconf 86' lang='lat' dir='ltr'>de</span> <span class='ocrx_word' id='word_1_189' title='bbox 1356 2132 1673 2204; x_wconf 78' lang='lat' dir='ltr'>civilibus,</span> <span class='ocrx_word' id='word_1_190' title='bbox 1702 2133 1801 2190; x_wconf 83' lang='lat' dir='ltr'>sed</span> <span class='ocrx_word' id='word_1_191' title='bbox 1833 2133 1903 2190; x_wconf 84' lang='lat' dir='ltr'>de</span> <span class='ocrx_word' id='word_1_192' title='bbox 1928 2135 2201 2191; x_wconf 78' lang='lat' dir='ltr'>ecclesia-</span> 
     </span>
     <span class='ocr_line' id='line_1_22' title="bbox 74 2225 2201 2310; baseline 0.001 -25"><span class='ocrx_word' id='word_1_193' title='bbox 74 2230 239 2285; x_wconf 74' lang='lat' dir='ltr'>sticis</span> <span class='ocrx_word' id='word_1_194' title='bbox 261 2228 415 2285; x_wconf 73' lang='lat' dir='ltr'>dixi.</span> <span class='ocrx_word' id='word_1_195' title='bbox 446 2228 696 2285; x_wconf 85' lang='lat' dir='ltr'>Rursum</span> <span class='ocrx_word' id='word_1_196' title='bbox 722 2237 939 2303; x_wconf 87' lang='lat' dir='ltr'>autem,</span> <span class='ocrx_word' id='word_1_197' title='bbox 967 2248 1101 2285; x_wconf 86' lang='lat' dir='ltr'>cum</span> <span class='ocrx_word' id='word_1_198' title='bbox 1118 2226 1269 2285; x_wconf 90' lang='lat' dir='ltr'>hanc</span> <span class='ocrx_word' id='word_1_199' title='bbox 1294 2225 1467 2285; x_wconf 88' lang='lat' dir='ltr'>aliam</span> <span class='ocrx_word' id='word_1_200' title='bbox 1492 2226 1753 2304; x_wconf 89' lang='lat' dir='ltr'>ejusdem</span> <span class='ocrx_word' id='word_1_201' title='bbox 1779 2227 1911 2286; x_wconf 89' lang='lat' dir='ltr'>libri</span> <span class='ocrx_word' id='word_1_202' title='bbox 1929 2229 2201 2310; x_wconf 85' lang='lat' dir='ltr'>proposi-</span> 
     </span>
     <span class='ocr_line' id='line_1_23' title="bbox 77 2322 2203 2404; baseline 0.002 -24"><span class='ocrx_word' id='word_1_203' title='bbox 77 2322 297 2382; x_wconf 87' lang='lat' dir='ltr'>tionem</span> <span class='ocrx_word' id='word_1_204' title='bbox 327 2345 592 2383; x_wconf 87' lang='lat' dir='ltr'>censores</span> <span class='ocrx_word' id='word_1_205' title='bbox 633 2325 819 2383; x_wconf 85' lang='lat' dir='ltr'>nostri</span> <span class='ocrx_word' id='word_1_206' title='bbox 855 2324 1321 2383; x_wconf 87' lang='lat' dir='ltr'>recensuissent:</span> <span class='ocrx_word' id='word_1_207' title='bbox 1364 2324 1551 2383; x_wconf 84' lang='lat' dir='ltr'>Nullo</span> <span class='ocrx_word' id='word_1_208' title='bbox 1594 2326 2019 2404; x_wconf 80' lang='lat' dir='ltr'>impedimento</span> <span class='ocrx_word' id='word_1_209' title='bbox 2046 2346 2203 2404; x_wconf 57' lang='lat' dir='ltr'>proe-</span> 
     </span>
     <span class='ocr_line' id='line_1_24' title="bbox 78 2418 2203 2498; baseline 0.001 -22"><span class='ocrx_word' id='word_1_210' title='bbox 78 2418 279 2476; x_wconf 65' lang='lat' dir='ltr'>hibera·</span> <span class='ocrx_word' id='word_1_211' title='bbox 309 2421 776 2478; x_wconf 77' lang='lat' dir='ltr'>Matrimonium</span> <span class='ocrx_word' id='word_1_212' title='bbox 822 2429 936 2478; x_wconf 82' lang='lat' dir='ltr'>aut</span> <span class='ocrx_word' id='word_1_213' title='bbox 973 2428 1348 2477; x_wconf 80' lang='lat' dir='ltr'>contractum</span> <span class='ocrx_word' id='word_1_214' title='bbox 1394 2419 1640 2476; x_wconf 78' lang='lat' dir='ltr'>dissolvi</span> <span class='ocrx_word' id='word_1_215' title='bbox 1657 2430 1886 2497; x_wconf 75' lang='lat' dir='ltr'>praeter</span> <span class='ocrx_word' id='word_1_216' title='bbox 1913 2424 2203 2498; x_wconf 79' lang='lat' dir='ltr'>primu-m</span> 
     </span>
     <span class='ocr_line' id='line_1_25' title="bbox 79 2513 2205 2593; baseline 0.001 -22"><span class='ocrx_word' id='word_1_217' title='bbox 79 2513 388 2589; x_wconf 77' lang='lat' dir='ltr'>affinitatis</span> <span class='ocrx_word' id='word_1_218' title='bbox 426 2513 729 2591; x_wconf 67' lang='lat' dir='ltr'>qratiam,</span> <span class='ocrx_word' id='word_1_219' title='bbox 775 2513 934 2571; x_wconf 89' lang='lat' dir='ltr'>idem</span> <span class='ocrx_word' id='word_1_220' title='bbox 972 2513 1257 2571; x_wconf 89' lang='lat' dir='ltr'>Lutherus</span> <span class='ocrx_word' id='word_1_221' title='bbox 1298 2513 1558 2592; x_wconf 88' lang='lat' dir='ltr'>reposuit</span> <span class='ocrx_word' id='word_1_222' title='bbox 1605 2534 1618 2570; x_wconf 80' lang='lat' dir='ltr'><strong><em>z</em></strong></span> <span class='ocrx_word' id='word_1_223' title='bbox 1667 2514 1799 2572; x_wconf 85' lang='lat' dir='ltr'>Hoc</span> <span class='ocrx_word' id='word_1_224' title='bbox 1842 2515 1982 2572; x_wconf 70' lang='lat' dir='ltr'>dixi</span> <span class='ocrx_word' id='word_1_225' title='bbox 2004 2519 2205 2593; x_wconf 75' lang='lat' dir='ltr'>juxta</span> 
     </span>
     <span class='ocr_line' id='line_1_26' title="bbox 74 2607 2202 2689; baseline 0.001 -25"><span class='ocrx_word' id='word_1_226' title='bbox 74 2617 444 2689; x_wconf 76' lang='lat' dir='ltr'>proeceptum</span> <span class='ocrx_word' id='word_1_227' title='bbox 485 2608 633 2675; x_wconf 85' lang='lat' dir='ltr'>Dei,</span> <span class='ocrx_word' id='word_1_228' title='bbox 670 2608 805 2664; x_wconf 79' lang='lat' dir='ltr'>licet</span> <span class='ocrx_word' id='word_1_229' title='bbox 836 2608 1015 2685; x_wconf 80' lang='lat' dir='ltr'>Papa</span> <span class='ocrx_word' id='word_1_230' title='bbox 1042 2608 1222 2665; x_wconf 79' lang='lat' dir='ltr'>aliud</span> <span class='ocrx_word' id='word_1_231' title='bbox 1256 2607 1507 2664; x_wconf 79' lang='lat' dir='ltr'>ordinet.</span> <span class='ocrx_word' id='word_1_232' title='bbox 1549 2607 1612 2665; x_wconf 90' lang='lat' dir='ltr'>Si</span> <span class='ocrx_word' id='word_1_233' title='bbox 1654 2630 1788 2687; x_wconf 82' lang='lat' dir='ltr'>ergo</span> <span class='ocrx_word' id='word_1_234' title='bbox 1827 2608 2063 2667; x_wconf 89' lang='lat' dir='ltr'>Lutheri</span> <span class='ocrx_word' id='word_1_235' title='bbox 2104 2610 2202 2667; x_wconf 90' lang='lat' dir='ltr'>in-</span> 
     </span>
     <span class='ocr_line' id='line_1_27' title="bbox 82 2700 2201 2785; baseline 0.002 -25"><span class='ocrx_word' id='word_1_236' title='bbox 82 2712 399 2783; x_wconf 88' lang='lat' dir='ltr'>terpretem</span> <span class='ocrx_word' id='word_1_237' title='bbox 434 2701 811 2759; x_wconf 84' lang='lat' dir='ltr'>adhibeamus</span> <span class='ocrx_word' id='word_1_238' title='bbox 830 2701 1024 2783; x_wconf 90' lang='lat' dir='ltr'>ipsum</span> <span class='ocrx_word' id='word_1_239' title='bbox 1046 2700 1368 2760; x_wconf 89' lang='lat' dir='ltr'>Lutherum</span> <span class='ocrx_word' id='word_1_240' title='bbox 1395 2747 1411 2777; x_wconf 70' lang='grc'><em>,</em></span> <span class='ocrx_word' id='word_1_241' title='bbox 1440 2723 1571 2761; x_wconf 91' lang='lat' dir='ltr'>cum</span> <span class='ocrx_word' id='word_1_242' title='bbox 1594 2703 1717 2785; x_wconf 91' lang='lat' dir='ltr'>ipse</span> <span class='ocrx_word' id='word_1_243' title='bbox 1737 2704 1889 2783; x_wconf 81' lang='lat' dir='ltr'>leges</span> <span class='ocrx_word' id='word_1_244' title='bbox 1914 2703 2201 2764; x_wconf 84' lang='lat' dir='ltr'>humanas</span> 
     </span>
     <span class='ocr_line' id='line_1_28' title="bbox 84 2787 2203 2879; baseline 0.002 -24"><span class='ocrx_word' id='word_1_245' title='bbox 84 2818 184 2855; x_wconf 89' lang='lat' dir='ltr'>seu</span> <span class='ocrx_word' id='word_1_246' title='bbox 221 2787 371 2876; x_wconf 82' lang='lat' dir='ltr'>leges</span> <span class='ocrx_word' id='word_1_247' title='bbox 418 2795 726 2854; x_wconf 86' lang='lat' dir='ltr'>hominum</span> <span class='ocrx_word' id='word_1_248' title='bbox 769 2795 840 2854; x_wconf 91' lang='lat' dir='ltr'>de</span> <span class='ocrx_word' id='word_1_249' title='bbox 877 2797 1258 2854; x_wconf 89' lang='lat' dir='ltr'>Matrimoniis</span> <span class='ocrx_word' id='word_1_250' title='bbox 1296 2795 1634 2876; x_wconf 72' lang='lat' dir='ltr'>redarguit,</span> <span class='ocrx_word' id='word_1_251' title='bbox 1672 2820 1793 2857; x_wconf 90' lang='lat' dir='ltr'>non</span> <span class='ocrx_word' id='word_1_252' title='bbox 1830 2798 1981 2879; x_wconf 82' lang='lat' dir='ltr'>leges</span> <span class='ocrx_word' id='word_1_253' title='bbox 2021 2801 2203 2859; x_wconf 88' lang='lat' dir='ltr'>Prin-</span> 
     </span>
     <span class='ocr_line' id='line_1_29' title="bbox 86 2889 2203 2976; baseline 0.002 -26"><span class='ocrx_word' id='word_1_254' title='bbox 86 2892 279 2972; x_wconf 88' lang='lat' dir='ltr'>cipum</span> <span class='ocrx_word' id='word_1_255' title='bbox 302 2937 318 2966; x_wconf 72' lang='lat'>,</span> <span class='ocrx_word' id='word_1_256' title='bbox 344 2913 485 2973; x_wconf 88' lang='lat' dir='ltr'>quas</span> <span class='ocrx_word' id='word_1_257' title='bbox 511 2889 727 2973; x_wconf 88' lang='lat' dir='ltr'>ubique</span> <span class='ocrx_word' id='word_1_258' title='bbox 749 2891 999 2951; x_wconf 90' lang='lat' dir='ltr'>intactas</span> <span class='ocrx_word' id='word_1_259' title='bbox 1023 2891 1288 2973; x_wconf 67' lang='lat' dir='ltr'>reliquit,</span> <span class='ocrx_word' id='word_1_260' title='bbox 1320 2891 1423 2951; x_wconf 90' lang='lat' dir='ltr'>sed</span> <span class='ocrx_word' id='word_1_261' title='bbox 1440 2892 1595 2973; x_wconf 82' lang='lat' dir='ltr'>leges</span> <span class='ocrx_word' id='word_1_262' title='bbox 1615 2893 1876 2954; x_wconf 64' lang='lat' dir='ltr'>Ecclesiae</span> <span class='ocrx_word' id='word_1_263' title='bbox 1901 2905 2203 2976; x_wconf 82' lang='lat' dir='ltr'>pastorum</span> 
     </span>
     <span class='ocr_line' id='line_1_30' title="bbox 87 2984 2206 3072; baseline 0.002 -28"><span class='ocrx_word' id='word_1_264' title='bbox 87 2985 411 3061; x_wconf 72' lang='lat' dir='ltr'>intellexit,</span> <span class='ocrx_word' id='word_1_265' title='bbox 440 3009 583 3068; x_wconf 88' lang='lat' dir='ltr'>quos</span> <span class='ocrx_word' id='word_1_266' title='bbox 607 2984 1011 3046; x_wconf 89' lang='lat' dir='ltr'>subsannandi</span> <span class='ocrx_word' id='word_1_267' title='bbox 1040 3008 1206 3046; x_wconf 87' lang='lat' dir='ltr'>causa</span> <span class='ocrx_word' id='word_1_268' title='bbox 1233 2989 1533 3060; x_wconf 75' lang='lat' dir='ltr'>homines,</span> <span class='ocrx_word' id='word_1_269' title='bbox 1562 3010 1880 3071; x_wconf 89' lang='lat' dir='ltr'>eorumque</span> <span class='ocrx_word' id='word_1_270' title='bbox 1913 2990 2074 3071; x_wconf 87' lang='lat' dir='ltr'>leges</span> <span class='ocrx_word' id='word_1_271' title='bbox 2103 3012 2206 3072; x_wconf 87' lang='lat' dir='ltr'>ap-</span> 
     </span>
     <span class='ocr_line' id='line_1_31' title="bbox 88 3079 2206 3163; baseline 0.002 -25"><span class='ocrx_word' id='word_1_272' title='bbox 88 3079 346 3162; x_wconf 88' lang='lat' dir='ltr'>pellabat</span> <span class='ocrx_word' id='word_1_273' title='bbox 393 3082 712 3140; x_wconf 74' lang='lat' dir='ltr'>humanas.</span> <span class='ocrx_word' id='word_1_274' title='bbox 770 3082 936 3154; x_wconf 87' lang='lat' dir='ltr'>Quod</span> <span class='ocrx_word' id='word_1_275' title='bbox 976 3081 1157 3163; x_wconf 89' lang='lat' dir='ltr'>probe</span> <span class='ocrx_word' id='word_1_276' title='bbox 1197 3083 1364 3144; x_wconf 89' lang='lat' dir='ltr'>novit</span> <span class='ocrx_word' id='word_1_277' title='bbox 1409 3082 1647 3142; x_wconf 89' lang='lat' dir='ltr'>facultas</span> <span class='ocrx_word' id='word_1_278' title='bbox 1682 3083 2000 3163; x_wconf 79' lang='lat' dir='ltr'>theologica</span> <span class='ocrx_word' id='word_1_279' title='bbox 2041 3085 2206 3142; x_wconf 79' lang='lat' dir='ltr'>Pari-</span> 
     </span>
     <span class='ocr_line' id='line_1_32' title="bbox 89 3174 2207 3258; baseline 0.002 -25"><span class='ocrx_word' id='word_1_280' title='bbox 89 3175 324 3241; x_wconf 77' lang='lat' dir='ltr'>siensiS,</span> <span class='ocrx_word' id='word_1_281' title='bbox 373 3195 498 3256; x_wconf 80' lang='lat' dir='ltr'>quae</span> <span class='ocrx_word' id='word_1_282' title='bbox 545 3175 648 3233; x_wconf 89' lang='lat' dir='ltr'>has</span> <span class='ocrx_word' id='word_1_283' title='bbox 692 3174 929 3234; x_wconf 88' lang='lat' dir='ltr'>Lutheri</span> <span class='ocrx_word' id='word_1_284' title='bbox 979 3177 1399 3258; x_wconf 87' lang='lat' dir='ltr'>propositiones</span> <span class='ocrx_word' id='word_1_285' title='bbox 1433 3200 1447 3236; x_wconf 74' lang='grc' dir='ltr'>ε</span> <span class='ocrx_word' id='word_1_286' title='bbox 1500 3179 1523 3237; x_wconf 94' lang='grc' dir='ltr'>Ι</span> <span class='ocrx_word' id='word_1_287' title='bbox 1537 3224 1561 3253; x_wconf 81' lang='grc'>,</span> <span class='ocrx_word' id='word_1_288' title='bbox 1598 3180 1953 3257; x_wconf 73' lang='lat' dir='ltr'>Conjunctio&#39;</span> <span class='ocrx_word' id='word_1_289' title='bbox 1984 3182 2111 3237; x_wconf 81' lang='lat' dir='ltr'>viri</span> <span class='ocrx_word' id='word_1_290' title='bbox 2149 3190 2207 3238; x_wconf 72' lang='lat' dir='ltr'>et</span> 
     </span>
     <span class='ocr_line' id='line_1_33' title="bbox 89 3272 2204 3354; baseline 0.001 -25"><span class='ocrx_word' id='word_1_291' title='bbox 89 3272 356 3329; x_wconf 74' lang='lat' dir='ltr'>mulieris</span> <span class='ocrx_word' id='word_1_292' title='bbox 378 3281 561 3345; x_wconf 67' lang='lat' dir='ltr'>tenet,</span> <span class='ocrx_word' id='word_1_293' title='bbox 602 3291 972 3349; x_wconf 82' lang='lat' dir='ltr'>quocumque</span> <span class='ocrx_word' id='word_1_294' title='bbox 995 3274 1164 3331; x_wconf 86' lang='lat' dir='ltr'>modo</span> <span class='ocrx_word' id='word_1_295' title='bbox 1193 3284 1400 3332; x_wconf 78' lang='lat' dir='ltr'>contra</span> <span class='ocrx_word' id='word_1_296' title='bbox 1432 3275 1577 3354; x_wconf 74' lang='lat' dir='ltr'>leyes</span> <span class='ocrx_word' id='word_1_297' title='bbox 1604 3275 1914 3333; x_wconf 78' lang='lat' dir='ltr'>hominum</span> <span class='ocrx_word' id='word_1_298' title='bbox 1947 3278 2204 3354; x_wconf 65' lang='lat' dir='ltr'>contiqe-</span> 
     </span>
     <span class='ocr_line' id='line_1_34' title="bbox 91 3364 2209 3451; baseline 0.003 -29"><span class='ocrx_word' id='word_1_299' title='bbox 91 3369 211 3432; x_wconf 83' lang='lat' dir='ltr'>rit,·</span> <span class='ocrx_word' id='word_1_300' title='bbox 237 3364 288 3423; x_wconf 86' lang='grc' dir='ltr'>ΙΙ</span> <span class='ocrx_word' id='word_1_301' title='bbox 310 3408 326 3437; x_wconf 74' lang='grc'><em>,</em></span> <span class='ocrx_word' id='word_1_302' title='bbox 356 3365 582 3424; x_wconf 78' lang='lat' dir='ltr'>Debent</span> <span class='ocrx_word' id='word_1_303' title='bbox 600 3365 932 3425; x_wconf 61' lang='lat' dir='ltr'>Sacerdoteit¹</span> <span class='ocrx_word' id='word_1_304' title='bbox 976 3373 1182 3427; x_wconf 80' lang='lat' dir='ltr'>omnia</span> <span class='ocrx_word' id='word_1_305' title='bbox 1211 3370 1614 3429; x_wconf 77' lang='lat' dir='ltr'>Matrimonia</span> <span class='ocrx_word' id='word_1_306' title='bbox 1649 3371 2003 3449; x_wconf 80' lang='lat' dir='ltr'>confirmare</span> <span class='ocrx_word' id='word_1_307' title='bbox 2018 3413 2040 3443; x_wconf 87' lang='lat'><em>,</em></span> <span class='ocrx_word' id='word_1_308' title='bbox 2069 3392 2209 3451; x_wconf 79' lang='lat' dir='ltr'>quoe</span> 
     </span>
    </p>
   </div>
   <div class='ocr_carea' id='block_1_3' title="bbox 165 3567 1504 3716">
    <p class='ocr_par' dir='ltr' id='par_1_5' title="bbox 165 3567 1504 3716">
     <span class='ocr_line' id='line_1_35' title="bbox 167 3567 1504 3638; baseline 0.004 -23"><span class='ocrx_word' id='word_1_309' title='bbox 167 3569 236 3630; x_wconf 92' lang='lat' dir='ltr'>(l)</span> <span class='ocrx_word' id='word_1_310' title='bbox 269 3567 369 3616; x_wconf 78' lang='lat' dir='ltr'>cfr.</span> <span class='ocrx_word' id='word_1_311' title='bbox 400 3567 631 3630; x_wconf 82' lang='lat' dir='ltr'>Leullier,</span> <span class='ocrx_word' id='word_1_312' title='bbox 672 3569 872 3619; x_wconf 76' lang='lat' dir='ltr'>Observ.</span> <span class='ocrx_word' id='word_1_313' title='bbox 902 3585 970 3619; x_wconf 83' lang='lat' dir='ltr'>lx.</span> <span class='ocrx_word' id='word_1_314' title='bbox 1190 3572 1315 3622; x_wconf 86' lang='lat' dir='ltr'>Jenae</span> <span class='ocrx_word' id='word_1_315' title='bbox 1359 3571 1504 3638; x_wconf 80' lang='lat'><strong>¹557.</strong></span> 
     </span>
     <span class='ocr_line' id='line_1_36' title="bbox 165 3648 1103 3716; baseline 0.004 -19"><span class='ocrx_word' id='word_1_316' title='bbox 165 3650 230 3712; x_wconf 74' lang='lat'>(2)</span> <span class='ocrx_word' id='word_1_317' title='bbox 270 3650 403 3700; x_wconf 83' lang='lat' dir='ltr'>Tom.</span> <span class='ocrx_word' id='word_1_318' title='bbox 435 3668 494 3711; x_wconf 85' lang='lat' dir='ltr'>n,</span> <span class='ocrx_word' id='word_1_319' title='bbox 524 3650 603 3699; x_wconf 82' lang='lat' dir='ltr'>sol.</span> <span class='ocrx_word' id='word_1_320' title='bbox 635 3648 765 3716; x_wconf 80' lang='lat'><strong>296,</strong></span> <span class='ocrx_word' id='word_1_321' title='bbox 808 3659 960 3714; x_wconf 81' lang='lat' dir='ltr'>recto,</span> <span class='ocrx_word' id='word_1_322' title='bbox 992 3652 1103 3702; x_wconf 82' lang='lat' dir='ltr'>edit.</span> 
     </span>
    </p>
   </div>
  </div>
 </body>
</html>
