2508 4120
522 153 643 190 CAP.
687 156 752 190 11.
804 155 870 190 nn
914 153 1251 193 mummonn
1297 151 1770 193 mormannum.
2070 133 2187 218 273

99 296 286 355 dicere
310 293 584 369 velimuS,
609 316 743 353 eum
767 338 784 367 ,
810 295 909 375 qui
932 305 1195 366 venerat,
1233 316 1354 353 non
1384 293 1460 353 ad
1485 293 1825 355 solvenda-m
1851 293 2059 375 legem,
2087 296 2190 356 sed

98 389 173 448 ad
201 409 328 447 eam
357 388 826 470 adimplendam,
858 410 960 448 seu
993 388 1069 447 ad
1099 388 1491 449 inducendam
1524 395 1803 466 majorem
1837 391 1900 448 in
1933 389 2188 450 moribus
2236 473 2239 478 ι

94 482 528 564 perfectionem,
555 482 829 558 voluisse,
852 481 1190 541 ut'adulteri
1214 504 1334 540 non
1355 482 1543 541 solum
1571 485 1836 543 viverent
1852 528 1870 560 ,
1897 485 2000 544 sed
2016 488 2195 545 alteri

95 579 422 652 nuberent,
447 578 588 636 dum
625 578 846 655 Moyses
875 576 1168 634 statuisset
1192 597 1205 633 ε
1241 576 1432 634 Morte
1462 582 1812 636 moriantur
1837 581 2095 638 moechus
2129 592 2185 638 ec

45 682 47 684 ’
94 674 366 730 adultera
387 672 499 751 (l).
528 669 843 730 Commoda
867 669 1039 750 plane
1072 668 1408 727 reformatio
1429 714 1446 743 ,
1486 690 1613 750 quae
1643 671 1844 730 similis
1878 672 1960 731 illi
1999 674 2186 749 foret,

95 788 270 846 quam
308 765 664 824 induxerunt
696 765 1118 838 ProtestanteS,
1158 782 1291 820 cum
1321 765 1526 841 jugum
1554 763 1844 844 religionis
1896 767 2186 842 catholicae

95 864 493 921 excusserunt.

178 954 315 1013 137.
364 955 452 1013 Ad
491 955 574 1014 2¹¹¹
594 998 610 1026 .,
644 953 792 1033 Neq.
833 953 1061 1012 Etenim
1096 973 1219 1011 non
1240 953 1500 1033 sequitur
1519 958 1802 1032 primum
1824 953 2142 1018 absurdum
2168 1005 2186 1034 ,

92 1070 225 1107 cum
259 1048 446 1108 solum
479 1047 830 1107 adulterium
856 1046 1175 1126 legitimam
1216 1067 1444 1106 causam
1471 1048 1581 1128 ipsi
1612 1049 2189 1139 conjugiointrinse-

93 1165 219 1203 cam
243 1143 499 1225 praebeat
516 1188 532 1215 .‚
561 1163 802 1224 eamque
817 1153 1161 1223 perpetuam
1177 1185 1194 1215 ‚
1221 1141 1457 1201 divortii
1477 1143 1744 1203 faciendi.
1769 1145 2004 1204 Crimen
2028 1149 2190 1207 enim

93 1237 241 1297 illud
273 1237 554 1316 ejusmodi
593 1248 715 1309 est,
749 1237 907 1317 quod
935 1247 1161 1295 naturae
1202 1237 1448 1315 conjugii
1476 1235 1695 1297 directe
1730 1238 2068 1300 adversatur
2088 1288 2103 1316 ,
2134 1255 2195 1302 et

85 1337 181 1411 jus
207 1336 307 1392 dat
330 1334 481 1413 parti
512 1333 808 1390 innocenti
838 1342 1137 1412 perpetuae
1175 1332 1553 1413 separationis
1572 1377 1588 1407 ,
1625 1332 1759 1392 licet
1803 1346 2030 1414 partem
2058 1338 2196 1397 infi-

93 1427 286 1486 delem
332 1428 616 1509 poeniteat
669 1426 905 1485 admissi
944 1424 1171 1484 sceleris
1210 1470 1226 1499 ,
1280 1436 1339 1485 et
1379 1425 1454 1484 ad
1489 1427 1789 1487 meliorem
1834 1430 2058 1510 frugem
2099 1454 2197 1492 re·-

92 1522 246 1581 deat.
288 1523 501 1580 Ceterae
529 1527 931 1579 omnes'causae
968 1520 1300 1578 extrinsecae
1321 1530 1459 1589 sunt
1493 1525 1563 1578 ac‘
1597 1524 1976 1602 temporariae.
2005 1527 2195 1597 Quare

92 1616 351 1677 Christus
383 1616 588 1697 prioris
611 1613 763 1673 illius
794 1624 997 1695 utpote
1023 1613 1371 1690 gravissimae
1407 1615 1708 1691 meminit,
1740 1618 1884 1697 quin
1925 1617 2063 1677 alias
2091 1641 2195 1679 ex-

91 1709 381 1783 cluderet3
422 1709 588 1787 adjici
622 1721 899 1791 praeterea
938 1706 1145 1780 debet,
1183 1707 1480 1766 Christum
1516 1707 1774 1769 allusisse
1812 1711 1911 1770 illa
1939 1711 2195 1772 clausula

92 1804 167 1864 ad
200 1804 338 1883 legis
366 1804 627 1865 mosaicae
664 1803 1107 1885 permissionem
1128 1846 1144 1874 ,
1186 1802 1259 1860 de
1284 1823 1408 1882 qua·
1425 1803 1600 1883 paulo
1629 1815 1766 1863 ante
1793 1805 2187 1866 disseruimus.

177 1898 313 1956 138.
358 1898 486 1957 Non
535 1899 799 1978 sequitur,
852 1899 1112 1955 alterum
1147 1894 1485 1954 absurdum.
1530 1899 1655 1955 Duo
1698 1899 1917 1980 quippe
1972 1903 2034 1959 in
2075 1924 2191 1961 una

93 1992 406 2074 quaestione
427 1991 694 2050 Pharisaei
718 1992 948 2050 Christo
977 2002 1397 2071 proposuerant
1417 2035 1431 2063 ,
1470 1991 1531 2048 1ο
1562 2002 1757 2049 utrum
1779 1992 1978 2053 liceret
2001 1994 2196 2054 dimit-

91 2098 214 2146 tere
234 2108 471 2146 uxorem
487 2107 863 2165 quacumque
889 2107 959 2143 em
991 2106 1177 2143 causa
1192 2109 1219 2157 ,-
1241 2085 1308 2142 20
1326 2095 1524 2142 utrum
1548 2106 1911 2167 quacumque
1934 2109 2004 2146 ex
2029 2111 2197 2149 causa

93 2202 269 2240 uxore
298 2180 530 2238 dimissa
553 2225 569 2254 ,
598 2180 798 2257 liceret
821 2178 1064 2238 alteram
1099 2178 1324 2237 ducere.
1376 2178 1634 2236 Christus
1667 2180 1838 2259 igitur
1873 2183 1952 2240 ita
1976 2194 2192 2242 attem-

90 2276 318 2356 peravit
350 2275 785 2356 responsionem
811 2295 976 2332 suam
995 2319 1011 2348 .,
1038 2283 1104 2331 ut
1124 2273 1381 2354 primum
1421 2284 1735 2333 coarctaret
1762 2320 1778 2349 ,
1813 2287 1879 2334 ut
1903 2276 2189 2356 diximuS,

92 2368 167 2428 ad
195 2368 376 2426 solam
411 2369 807 2447 gravissimam
838 2389 1071 2428 causam
1110 2368 1370 2445 conjugio
1414 2369 1817 2443 intrinsecam,
1857 2359 2070 2452 nempe
2114 2375 2188 2432 ad

92 2462 560 2535 fornicationem3
612 2462 860 2521 alterum
904 2468 1072 2539 juxta
1114 2462 1335 2541 aliquos
1385 2462 1511 2520 sine
1554 2474 1751 2541 aperta
1801 2467 2180 2544 responsione

95 2555 313 2614 dimisit
332 2600 348 2629 ,
381 2575 512 2613 cum
546 2555 607 2613 id
642 2555 803 2615 facile
829 2576 903 2625 ex
927 2555 1222 2635 principiis
1245 2575 1278 2611 a
1301 2574 1362 2610 se
1390 2555 1663 2634 expositis
1699 2555 1773 2615 de
1811 2558 2029 2636 origine
2062 2561 2191 2619 Ma-

93 2651 351 2710 trimonii
391 2650 653 2710 Pharisaei
689 2640 951 2728 colligere
985 2659 1218 2729 possent
1248 2647 1382 2728 (²),
1398 2652 1563 2726 juxta
1607 2648 1745 2708 alios
1786 2672 1918 2712 vero
1955 2655 2187 2733 penitus

163 2856 229 2919 (1)
266 2856 377 2905 Lev.
417 2875 498 2919 xx,
536 2872 610 2903 ιο.
1180 2864 1316 2913 Sacer
1342 2875 1492 2914 textus
1512 2869 1761 2930 praescribit
1780 2905 1793 2927 ‚
1832 2888 1912 2933 pro
1939 2888 2073 2920 causa
2095 2874 2188 2922 dis-

164 2937 229 3000 (2)
266 2936 366 2986 Cfr.
406 2937 621 2985 Bellarm·
664 2937 749 2984 loc·
784 2938 863 2984 eit·
912 2953 962 2982 fl·
1012 2934 1095 2983 23·
1183 2950 1458 3010 pensationis
1485 2965 1510 2994 a
1545 2948 1870 3013 lege-maritali
1897 2969 1923 2999 a
1944 2951 2041 3000 Deo
2075 2953 2191 3014 lata,

96 3015 195 3064 Cfl'·
228 3019 360 3065 etiam
385 3020 592 3066 eruditus
617 3018 759 3066 Μῡῑῑῧ
776 3055 789 3078 2
837 3015 1009 3064 Di‘m'·
1055 3026 1098 3064 et
1179 3031 1329 3075 uxoris
1337 3029 1624 3092 foeditatem,
1641 3031 1779 3080 Deut.
1816 3049 1922 3081 xx1v
1941 3070 1955 3093 ,
1983 3050 2020 3079 1.
2040 3033 2186 3083 Hebr.

95 3097 184 3146 loc.
201 3098 280 3147 cit.
295 3101 374 3163 qui
389 3099 578 3148 advertit
595 3136 609 3159 ‚
635 3116 784 3148 acrem
802 3101 1096 3163 quaestionem

34 3200 36 3202 ’
97 3188 209 3226 tunc
240 3181 433 3243 viguisse
455 3184 573 3229 inter
600 3178 906 3228 Sammaeanos
936 3190 980 3228 et
996 3179 1098 3228 Hil-

93 3261 283 3308 lelianos
299 3264 419 3309 circa
447 3279 627 3311 causam
647 3301 661 3320 ‚
687 3279 825 3327 quam
846 3263 1102 3327 requirebat
1183 3252 1322 3299 fleam
1347 3253 1609 3301 ”adiuuem
1643 3256 1744 3313 sei?
1779 3265 1844 3301 est
1872 3256 1993 3302 enim
2032 3256 2184 3324 nm}

93 3341 166 3388 lex
188 3341 246 3389 ad
263 3341 506 3406 repudium
526 3380 540 3402 ,
560 3362 619 3392 ne
640 3344 917 3392 lascivientis
946 3346 1101 3392 mariti
2087 3329 2113 3347 Τ

96 3421 279 3470 arbitrio
311 3423 622 3473 indissolubile
658 3426 898 3474 vinculum
934 3442 985 3474 ac
1019 3443 1103 3474 na-

98 3515 197 3552 tura
211 3506 510 3553 arctissimum
524 3505 722 3570 ligamen
735 3524 827 3554 non
846 3509 946 3555 sine
960 3509 1096 3556 etiam
1181 3526 1288 3559 vero
1317 3510 1542 3575 accipitur
1567 3510 1727 3558 eadem
1748 3525 1839 3558 vox
1859 3528 1941 3575 pro
1971 3515 2181 3578 turpitu-

101 3587 380 3635 familiarum
436 3587 772 3652 perturbatione
836 3588 1094 3640 violaretur.
1179 3591 1291 3642 dine
1318 3609 1370 3643 ac
1392 3591 1620 3656 foeditate.
1653 3590 1988 3643 Cfr.Winerin
2008 3595 2179 3645 Lasion

343 3681 408 3739 T.
462 3681 576 3740 VII.
1793 3684 1866 3744 18

1179 3120 1375 3215 εεῑἾΞἿΤΙ
1396 3124 1554 3210 ,ΠΞἾῊ
1566 3159 1582 3187 ,
1596 3143 1698 3192 quae
1707 3143 1835 3175 voces
1847 3129 2024 3191 proprie
2043 3128 2188 3191 signi-

1184 3399 1209 3428 a
1239 3382 1338 3428 rad.
1377 3381 1508 3449 5352}
1549 3380 1707 3428 nudus
1727 3381 1856 3444 [πίω
1890 3383 2183 3432 metonimice

1425 3454 1491 3473 ...ψ
