2612 4146
588 215 708 255 cm».
760 218 798 253 1.
842 215 912 254 nu
953 215 1194 254 sacuam.
1242 213 1371 251 om).
1419 211 1718 252 vamum.
2135 191 2211 250 77
2276 181 2280 184 ’

950 359 1375 415 PROPOSITIO.

115 509 273 569 Ordo
307 510 426 565 sive
461 524 639 564 sacra
687 504 1004 562 Ordinatio
1040 514 1123 561 est
1157 523 1286 560 vere
1320 512 1378 560 et
1391 504 1646 581 proprie
1681 501 2144 559 Sacramentum
2176 523 2214 559 a

692 597 920 657 Christo
962 599 1224 657 Domino
1264 600 1630 656 institutum.

192 809 250 866 6.
298 808 381 865 De
412 804 525 864 fide
558 815 646 863 est
697 814 896 861 nostra
931 799 1281 884 propositio7
1319 818 1496 880 quam
1520 798 1610 856 his
1639 797 1831 858 verbis
1876 799 2216 860 Tridentina

109 900 407 982 SynoduS‚
452 922 587 959 seSS.
615 899 835 967 XXIII,
873 917 999 955 can.
1041 895 1121 953 ΙΙΙ
1146 940 1162 968 .,
1196 893 1462 953 definivit
1498 893 1764 972 :Siquis
1802 896 2063 966 dixerit,
2101 897 2219 956 Or-

114 999 315 1054 dinem
366 1000 487 1055 sive
522 1015 761 1054 sacram
806 992 1261 1051 ordinationem
1293 1011 1410 1048 non
1434 1009 1550 1047 esse
1585 1009 1712 1048 vere
1758 1000 1814 1047 et
1842 995 2092 1070 proprie
2115 993 2221 1050 Sa-

110 1102 483 1150 cramentum
500 1138 517 1160 ,
552 1113 592 1147 a
636 1089 862 1147 Christo
895 1088 1155 1144 Domino
1191 1087 1571 1154 institutum,
1611 1085 1701 1155 vel
1732 1105 1848 1142 esse
1877 1087 2220 1164 flymentum

110 1188 408 1266 quoddam
441 1186 781 1265 hamanum
803 1228 837 1250 ,‚
859 1184 1252 1260 excoyitatum
1298 1202 1337 1237 a
1373 1182 1524 1238 viris
1566 1199 1773 1238 rerum
1806 1181 2222 1239 ecclesiastica-

111 1304 255 1339 rum
287 1283 616 1359 imperitis,
654 1287 765 1335 aut
794 1297 916 1334 vesse
955 1285 1196 1334 tantum
1229 1279 1423 1333 ritum
1458 1275 1780 1353 quemdam
1814 1276 2072 1357 eliqendi
2108 1280 2224 1335 Mi-

111 1380 323 1434 nistros
361 1374 525 1432 verbi
557 1373 675 1452 Dei
708 1383 763 1429 et
792 1372 1317 1431 Sacramentoram
1340 1414 1356 1443 ,
1393 1370 1716 1429 anathema
1754 1374 1850 1429 sit.

193 1471 251 1529 7.
301 1471 433 1528 Haec
461 1479 664 1528 autem
693 1467 906 1528 veritas
937 1477 1064 1525 tum
1108 1487 1178 1525 ex
1203 1464 1381 1525 verbo
1405 1466 1511 1525 Dei
1537 1465 1752 1546 scripto
1794 1476 1922 1524 tum
1945 1487 2018 1526 ex
2045 1467 2222 1528 verbo

111 1566 215 1624 Dei
260 1552 495 1623 tradito*
518 1562 974 1623 luculentissime
1006 1571 1252 1619 constat.
1293 1558 1562 1639 Scribens
1606 1560 1766 1620 enim
1808 1561 2116 1642 Apostolus
2151 1563 2223 1621 de

111 1659 397 1719 Timothei
425 1658 804 1719 Ordinatione
827 1658 890 1715 in
912 1656 1091 1738 priori
1119 1655 1194 1714 ad
1226 1656 1418 1737 ipsum
1445 1655 1581 1714 data
1609 1655 1894 1736 Epistola,
1940 1658 2015 1715 IV
2040 1701 2056 1738 ,
2097 1657 2174 1716 14
2204 1681 2218 1717 ε

113 1758 183 1817 N
180 1762 287 1827 oli,
319 1757 509 1838 inquit
525 1801 541 1829 ,
567 1758 855 1836 neyliqere
871 1758 1145 1835 qratiam
1161 1800 1177 1823 ,
1205 1776 1334 1833 qaoe
1358 1758 1427 1812 in
1458 1764 1509 1812 te
1537 1764 1650 1823 est,
1673 1775 1807 1844 quoe
1829 1755 1975 1812 data
2008 1755 2230 1813 esttibi

104 1874 222 1931 per
228 1853 604 1931 prophetiam
629 1872 769 1909 cum
792 1853 1162 1928 impositione
1187 1870 1486 1907 manuam
1501 1850 1887 1928 presbyterii.
1909 1850 1989 1908 Ac
2014 1850 2226 1909 iterum

116 1947 178 2004 in
199 1946 500 2027 posteriori
532 1945 606 2003 ad
637 1944 910 2004 eumdem
943 1943 1227 2025 Epistola,
1257 1947 1318 2019 Ι,
1348 1945 1384 2002 6
1406 1989 1422 2018 ‚
1461 1942 1693 2002 scribit:
1721 1945 2023 2003 Admoneo
2049 1956 2130 2017 te,
2162 1955 2229 2004 ut

116 2045 418 2100 resuscites
445 2045 713 2121 qratiam
748 2042 891 2109 Dei,
914 2060 1046 2118 quoe
1066 2049 1150 2097 est
1173 2043 1242 2096 in
1274 2050 1325 2096 te
1341 2061 1462 2119 per
1478 2042 1908 2118 impositionem
1928 2061 2228 2099 manuum

117 2158 415 2196 mearum.
454 2138 765 2216 Exponens
797 2156 970 2217 porro
1000 2133 1323 2212 cujusmodi
1352 2133 1477 2194 haec
1515 2135 1695 2214 gratia
1734 2135 1845 2213 sit,
1882 2135 1962 2194 ita
2006 2134 2227 2195 ibidem

116 2231 448 2290 immediate
473 2230 673 2290 subdit
698 2253 711 2288 :
739 2231 879 2290 Non
900 2234 1063 2288 enim
1082 2230 1247 2288 dedit
1267 2230 1439 2288 nohis
1461 2232 1626 2288 Deus
1647 2234 1939 2309 spiritam
1961 2235 2225 2299 timoris,

117 2329 218 2385 sed
248 2331 519 2396 virtutis,
555 2338 610 2384 et
634 2328 966 2385 dilectionis
986 2372 1003 2394 ,
1043 2335 1095 2383 et
1119 2326 1475 2384 sobrietatis.
1518 2325 1602 2383 Ex
1637 2324 1728 2382 his
1759 2334 1956 2384 autem
1993 2325 2100 2384 tria
2130 2325 2228 2384 illa

119 2420 397 2479 habemus
416 2466 432 2495 7
470 2441 597 2502 quae
620 2466 636 2494 n
676 2420 1016 2480 adversariis
1050 2418 1190 2501 ipsis
1228 2418 1577 2492 fatentibus7
1609 2420 1989 2500 requiruntur
2015 2441 2081 2479 ac
2107 2421 2229 2478 suf-

123 2513 323 2572 ficiunt
366 2514 440 2572 ad
479 2535 612 2574 vere
649 2535 714 2572 ac
752 2515 989 2595 proprie.
1007 2516 1449 2572 Sacramentum
1483 2513 1957 2572 constituendum
1988 2536 2002 2571 ε
2047 2515 2229 2574 ritum

123 2629 335 2690 nempe
365 2609 760 2668 externum-in
788 2611 1072 2666 manuum
1103 2608 1474 2689 impositione
1495 2654 1511 2682 .,
1556 2609 1749 2687 gratiae
1784 2610 2230 2690 promissionem

122 2704 258 2760 ritui
290 2703 374 2761 illi
401 2702 687 2762 adnexam
706 2747 721 2775 a
750 2724 814 2762 ac
837 2714 1144 2784 propterea
1170 2703 1274 2762 Dei
1295 2703 1639 2762 mandatum
1662 2725 1763 2764 seu
1786 2704 2048 2766 divinam
2069 2706 2230 2766 insti-

124 2798 441 2872 tutionem,
495 2819 627 2878 quae
662 2819 732 2856 ex
766 2798 889 2879 ipsa
924 2797 1117 2876 gratiae
1150 2799 1533 2879 promissione
1560 2798 1816 2880 profluit.
1856 2800 2041 2860 Solius
2070 2803 2231 2863 enim

123 2893 225 2952 Dei
244 2904 332 2952 est
351 2893 635 2971 ejusmodi
660 2894 839 2951 ritum
861 2902 1167 2951 externum
1191 2892 1497 2952 instituere
1516 2940 1532 2969 ,
1558 2896 1659 2976 qui
1681 2895 1877 2974 gratiae
1899 2917 2020 2955 non
2040 2896 2230 2957 solum

126 2987 508 3066 significandae
529 3033 544 3061 ,
588 2987 689 3048 sed
719 2997 777 3047 et
799 2986 1165 3047 conferendae
1191 2988 1314 3048 vim
1343 2987 1577 3048 habeat.

207 3079 262 3140 8.
309 3081 374 3139 Id
402 3082 599 3162 ipsum
628 3094 904 3163 praeterea
929 3092 1154 3141 constat
1185 3103 1253 3141 ex
1283 3094 1565 3163 perpetua
1598 3085 1859 3145 Ecclesiae
1880 3086 2230 3165 traditione,

130 3178 286 3251 cujus
318 3187 487 3235 testes
508 3176 942 3257 locupletissimi
969 3189 1140 3250 sunt3
1170 3180 1366 3235 Patres
1400 3199 1470 3236 ex
1497 3178 1705 3258 quibus
1736 3178 1830 3237 alii
1866 3200 2085 3238 sacram
2118 3182 2230 3240 Or-

131 3267 486 3330 dinationem
520 3273 976 3330 Sacramentum
1000 3271 1326 3354 appellant,
1363 3283 1429 3331 ut
1454 3274 1564 3332 Leo
1602 3276 1677 3334 M.
1705 3275 1792 3355 (1)
1823 3284 1883 3332 et
1918 3267 2223 3354 Gregorius

196 3501 263 3562 (1)
299 3499 459 3566 Epist.
485 3503 636 3551 xuuad
659 3482 1138 3570 EpiscsProvincioe
1218 3507 1328 3554 dect
1344 3543 1357 3566 ‚
1383 3507 1509 3570 quod
1525 3507 1718 3554 intanti
1741 3501 2047 3558 Sacramenti
2058 3522 2231 3571 perpe-

132 3584 458 3632 Mauritam‘oe
476 3583 654 3635 Coesar.
689 3604 793 3652 cap.
819 3588 849 3636 3
867 3624 880 3647 ,
900 3587 1007 3637 edit.
1026 3588 1136 3635 Bal·
1218 3595 1376 3636 tratur
1406 3588 1646 3651 injuriam
1666 3590 1692 3634 ?
1733 3586 1959 3653 Loquitur
1988 3597 2144 3636 autem
2173 3587 2231 3636 de

133 3664 212 3713 ler.
233 3665 356 3732 Quis
370 3682 476 3730 erqo
492 3703 506 3728 ‚
524 3665 679 3716 dicens
697 3705 712 3728 ,
726 3667 1034 3719 dissimulare
1052 3685 1137 3718 au·
1221 3667 1602 3718 Ordinationibus
1630 3685 1712 3734 per
1740 3669 2003 3720 tumultum.
2022 3670 2173 3719 factis.
2214 3704 2217 3705 γ
