2508 4120
323 72 440 133 344

948 83 1265 124 TRACTATUS
1307 86 1375 122 DE
1418 84 1788 125 MA‘rmuomo-

400 234 540 293 247.
586 229 653 288 ld
671 248 808 287 vero
831 269 848 300 .‚
885 223 1043 308 quod
1064 236 1361 306 postremo
1385 223 1508 284 loco
1540 224 1806 303 adjicitur
1825 270 1841 300 ,
1869 247 1990 286 non
2012 250 2176 309 posse
2205 234 2421 294 scilicet

324 330 466 390 duas
508 321 874 402 negationeS‚
915 319 1233 398 cujusmodi
1266 331 1404 378 sunt
1439 319 1864 402 impedimenta
1893 366 1908 396 ,
1953 326 2421 389 contradictorias

323 442 444 483 esse
478 463 496 495 7
553 415 982 477 discutiendum
1034 414 1228 495 logicis
1282 414 1662 496 relinquimus
1687 441 1703 489 ς
1759 437 1866 476 nos
1908 418 2165 477 contenti
2210 423 2420 483 erimus

323 513 787 575 animadvertere
807 557 824 586 ,
855 510 1251 571 adversarium
1280 509 1478 570 ludere
1507 511 1569 568 in
1592 509 1802 570 verbis,
1831 513 2105 585 Quamvis
2134 514 2292 574 enim
2322 517 2426 578 im·

320 610 656 692 pedimenta
688 628 795 686 per
819 629 879 666 se
901 602 1167 666 effectum
1195 606 1530 686 negativum
1553 606 1870 678 enuncient
1889 652 1905 682 ,
1944 618 2004 667 et
2022 652 2038 682 .,
2076 609 2123 666 si
2152 611 2228 668 ad
2260 631 2425 671 eum-

325 706 465 766 dem
491 703 761 764 effectum
788 701 1231 785 producendum
1262 700 1334 760 ab
1365 713 1612 783 utraque
1639 713 1931 783 ⁴potestate
1956 705 2385 766 constituantur
2405 751 2421 780 ,

324 821 630 882 nunquam·
657 798 881 881 possint
926 818 1050 857 esse
1102 795 1578 871 contradictoria3
1628 797 1674 856 si
1709 808 1907 856 tamen
1940 797 2116 858 altera
2172 799 2429 862 declaret

326 896 656 976 conjugium
702 892 994 970 validum,
1037 892 1196 974 quod
1239 890 1312 951 ab
1347 892 1527 951 altera
1566 892 1797 951 irritum
1833 892 2199 970 declaratur,
2242 897 2426 956 oritur

324 992 584 1075 profecto
607 988 823 1050 collisio
851 999 911 1048 et
938 986 1384 1047 contradictoria
1416 987 1720 1069 oppositio,
1765 987 1830 1047 Id
1853 1010 2027 1069 porro
2055 990 2336 1070 contingit
2361 992 2426 1050 in

324 1085 590 1170 pluribus
628 1083 882 1159 casibus3
915 1084 995 1142 ita
1028 1094 1096 1141 ut
1131 1103 1279 1165 saepe
1320 1082 1477 1142 idem
1515 1083 1842 1163 conjugium
1870 1129 1886 1158 7
1919 1083 2073 1166 quod
2089 1089 2253 1163 juxta
2289 1107 2428 1145 san-

325 1185 542 1243 ctiones
581 1182 885 1243 canonicas
921 1178 1243 1259 legitimum
1267 1189 1450 1254 esset,
1485 1199 1578 1238 ex.
1606 1200 1688 1258 gr.
1714 1179 2042 1258 conjugium
2056 1179 2157 1238 filii
2182 1180 2427 1240 familias
2507 1183 2508 1186 ’

327 1278 528 1339 invitis
564 1274 935 1356 parentibuS‚
970 1284 1121 1334 esset
1158 1273 1525 1354 illegitimum
1560 1294 1626 1333 ac
1649 1273 1878 1333 nullum
1912 1276 2076 1353 juxta
2104 1276 2427 1336 sanctiones

328 1373 542 1436 civiles,
567 1371 736 1431 Idem
768 1370 858 1430 dic
890 1369 963 1429 de
991 1369 1213 1430 ceteris,
2435 1430 2437 1433 .

406 1468 548 1528 248.
599 1466 686 1527 Ad
737 1467 822 1525 2¹1¹
855 1511 871 1540 ,
914 1465 1064 1544 Ney.
1115 1466 1245 1525 Sive
1282 1462 1651 1523 attendamus
1700 1464 1776 1523 ad
1810 1464 2000 1546 priora
2058 1464 2246 1524 secula
2302 1466 2425 1529 sive

331 1563 406 1623 ad
434 1562 770 1644 posteriora.
799 1561 1029 1619 Etenim
1049 1559 1182 1618 licet
1204 1558 1490 1640 prioribus
1513 1557 1714 1618 seculis
1741 1550 2034 1642 Principes
2055 1559 2205 1639 leges
2228 1582 2428 1621 sanxe-

332 1770 426 1804 von
455 1753 585 1801 Batz
614 1751 720 1799 und
753 1751 995 1811 Brenner‚
1038 1769 1116 1799 seu
1147 1750 1346 1799 Theolo-
1425 1752 1526 1801 haec
1567 1753 1706 1802 habet
1743 1769 1757 1802 ι
1793 1751 1926 1816 Quia
1973 1753 2344 1802 Matrimonium
2377 1755 2435 1802 in

334 1837 458 1901 yicae
483 1821 803 1900 ephemerides
839 1839 1047 1881 exaratae
1078 1849 1108 1879 a
1152 1831 1279 1881 Batz
1303 1841 1348 1880 et

335 1914 591 1975 Brenner,>¹
641 1912 734 1963 vol.
761 1931 840 1977 lv,
885 1931 991 1979 pag.
1023 1911 1120 1981 437
1150 1923 1196 1962 et
1220 1931 1346 1980 seqq.

335 1998 608 2065 Bambergae
642 1994 726 2045 181
744 2014 760 2044 1
790 2013 805 2045 ε
846 1995 929 2044 W
927 1998 972 2043 ie
995 1997 1093 2044 sint
1108 1996 1186 2042 die
1208 1994 1351 2044 Colli-

337 2082 508 2130 sionen
551 2079 792 2127 zwisohen
817 2077 1075 2125 Stats-und
1107 2076 1351 2125 Kirohen-

340 2169 553 2228 qesetzen
573 2161 631 2207 in
649 2159 821 2223 Bezuq
845 2159 945 2223 auf
946 2159 1024 2206 die
1048 2158 1094 2205 E
1098 2158 1352 2206 helzinder-

340 2246 505 2292 nissen
539 2259 603 2289 zu
629 2240 779 2288 heben
812 2240 842 2287 Ρ
868 2258 948 2288 seu
981 2240 1225 2306 Quomodo
1255 2245 1356 2287 sint

345 2326 618 2392 auferendoe
643 2324 906 2373 collisiones
924 2325 1050 2371 inter
1073 2323 1191 2387 leyes
1204 2331 1356 2371 status

346 2417 390 2457 et
419 2407 649 2459 Ecclesiae
671 2407 801 2454 circa
816 2404 1159 2470 impedimenta
1194 2406 1358 2451 matri-

346 2488 581 2539 monialia
597 2489 630 2536 ,Ρ
656 2487 750 2536 Nec
779 2487 1025 2535 defuerunt
1049 2524 1062 2546 ‚
1083 2489 1162 2552 qui
1187 2483 1356 2535 Eccle-

350 2571 801 2636 sioeprotestanticoe
815 2569 1083 2632 exemplum
1105 2568 1356 2629 attulerint,

352 2671 494 2719 quam
513 2652 802 2701 affirmarunt
829 2650 988 2697 media
1010 2651 1090 2697 via
1115 2653 1164 2697 in
1183 2650 1270 2698 hoc
1289 2667 1361 2697 ar-

352 2744 569 2799 gumento
594 2733 829 2791 incedere,
869 2732 1074 2795 adeoque
1107 2741 1261 2779 tenere
1286 2741 1362 2779 tu-

349 2817 583 2863 tissimum
609 2816 713 2862 iter!
733 2812 960 2872 Maran,
995 2811 1214 2860 Uber-die
1229 2811 1360 2874 Ehe,

354 2894 487 2947 Eine
555 2894 847 2959 doymatisch
861 2922 886 2931 -
902 2892 1365 2941 Kirchenrechtliche

355 2974 1070 3040 Abhandlun9‚seuDissertatio
1080 2975 1367 3039 dogmatico·

357 3060 592 3108 canonica
609 3058 665 3106 de
689 3058 1009 3105 Matrimonio
1028 3094 1041 3117 ‚
1081 3073 1182 3123 quae
1198 3059 1367 3104 inserta

359 3152 427 3190 est
451 3143 501 3189 in
531 3139 770 3189 Klaiber's
798 3138 999 3186 Studien
1021 3139 1105 3188 der
1132 3137 1369 3203 evanqeli-

360 3227 507 3277 seben
526 3226 848 3277 Geistlichkeit
868 3225 953 3276 W
951 3225 1272 3290 u'rtemberq's,
1290 3244 1371 3275 seu

343 3306 538 3359 'Studia
568 3307 834 3374 evangelici
859 3307 976 3356 cleri
1006 3308 1091 3357 W
1087 3308 1370 3371 urtemberq.

370 3389 618 3439 aKlaiber
631 3393 897 3457 conscripta
912 3427 925 3451 ‚
948 3390 1042 3439 vol.
1066 3404 1130 3450 vi,
1151 3407 1255 3454 pag.
1282 3386 1376 3452 144

360 3482 409 3523 et
428 3490 558 3539 seqq.
575 3473 691 3522 Sane
708 3474 985 3523 Kemnitius,
1005 3469 1167 3523 Euam
1186 3492 1196 3518 ·.
1219 3470 1369 3519 Cone.

373 3552 518 3604 Trid.
544 3565 659 3619 part.
691 3563 760 3616 11,
790 3573 892 3621 pag.
923 3552 1020 3617 433
1040 3587 1056 3615 ‚
1100 3552 1158 3601 ad
1179 3568 1283 3602 cau.
1317 3567 1380 3599 ιιι

1430 1831 1653 1882 Ecclesia
1666 1851 1885 1883 normam
1902 1834 2041 1882 habet
2065 1836 2223 1899 ipsum
2244 1835 2438 1883 verbum

1431 1914 1566 1976 Dei,
1622 1925 1666 1964 et
1699 1919 1753 1964 in
1796 1922 1958 1965 causis
2004 1917 2440 1967 matrimonialibus

1432 1997 1574 2046 multi
1598 1999 1822 2047 accidunt
1840 2015 1979 2060 casus
2006 2000 2401 2063 conscientiarum
2423 2038 2437 2062 ,

1433 2078 1649 2128 Ecclesia
1676 2098 1774 2128 non
1791 2089 1946 2146 potest
1958 2097 2158 2146 prorsus
2183 2089 2227 2128 et
2251 2080 2441 2146 simpli-

1436 2161 1555 2207 citer
1595 2176 1763 2208 causas
1805 2160 2182 2208 matrimoniales
2229 2178 2260 2209 a
2301 2178 2350 2208 se
2378 2161 2443 2209 ad

1430 2241 1688 2306 politicum
1718 2245 2052 2306 maqistratum
2067 2244 2276 2308 rejicere.
2300 2242 2443 2291 Nun-

1439 2339 1581 2387 quam
1604 2340 1709 2371 vero
1735 2333 1866 2372 vetus
1892 2323 2114 2371 Ecclesia
2139 2341 2309 2372 causas
2337 2340 2443 2372 ma-

1442 2405 1739 2453 trimoniales
1767 2392 1839 2453 ita
1866 2405 1930 2453 ad
1947 2422 2089 2454 suum
2105 2406 2266 2470 sorum
2289 2415 2447 2455 trans-

1443 2486 1555 2535 tulit
1575 2525 1588 2546 ,
1617 2497 1670 2535 ut
1686 2504 1889 2553 prorsus
1916 2486 2179 2537 excluderet
2195 2488 2448 2555 politicum

1445 2571 1773 2634 maqistratum
1803 2588 1822 2631 ‚-
1866 2569 1992 2634 serre
2053 2572 2185 2618 enim
2227 2570 2346 2635 leqes
2385 2570 2450 2618 ad

1448 2653 1754 2716 maqistratus
1781 2652 1986 2717 officium
2007 2652 2233 2718 pertinet.
2276 2653 2448 2718 Nempe

1446 2735 1688 2800 hucusque
1731 2746 2064 2799 pervenerunt,
2102 2738 2181 2799 qui
2225 2737 2311 2783 rati
2343 2745 2449 2783 sunt

1447 2832 1579 2880 posse
1623 2816 1756 2865 facile
1802 2820 2017 2882 componi
2057 2816 2242 2865 dissidia
2280 2854 2293 2876 ‚
2351 2836 2450 2883 quae

1449 2900 1556 2945 oriri
1590 2898 1733 2946 solent
1761 2901 1879 2946 inter
1906 2908 2146 2963 utramque
2187 2908 2451 2963 potestatem

1452 2981 1567 3027 circa
1596 2982 1670 3045 jus
1702 2980 1933 3028 statuendi
1977 2982 2301 3044 impedimenta
2345 2981 2453 3030 diri-

1450 3062 1636 3108 mentia.
1664 3060 1822 3126 ltaque
1838 3060 1965 3109 nulla
1978 3062 2063 3110 alia
2080 3065 2277 3126 suppetit
2303 3064 2373 3111 via
2396 3061 2453 3110 ad

1452 3143 1746 3191 incommoda
1778 3144 1871 3192 haec
1903 3144 2103 3193 tollenda
2123 3182 2136 3205 ‚
2164 3163 2303 3211 quam
2321 3148 2452 3211 juxta

1455 3243 1613 3274 sanam
1636 3225 1892 3273 doctrinam
1921 3226 2119 3275 tribuere
2143 3226 2356 3275 Ecclesiae
2375 3231 2452 3293 jus

1456 3308 1507 3353 iu
1534 3306 1811 3354 Matrimonii
1841 3308 2081 3355 vinculum
2110 3319 2153 3357 et
2187 3307 2454 3357 Sacramen-

1458 3398 1557 3435 tum
1577 3425 1590 3448 ‚
1623 3387 1911 3453 Principibus
1937 3406 2043 3437 vero
2077 3391 2153 3457 jus
2186 3391 2236 3438 in
2269 3390 2455 3440 effectus

1462 3471 1614 3519 civiles
1642 3471 1691 3518 in
1719 3471 1818 3518 foro
1848 3479 2053 3520 externo..
