2508 4120
554 232 678 272 cap,
727 234 816 269 111.
867 234 935 270 nn
979 231 1354 271 uriscoronum
1396 232 1803 270 Pnsnsnn‘rm.
2122 212 2242 274 127

222 375 357 434 110.
408 376 550 433 lust.
584 374 640 432 S.
681 372 1072 453 Hieronymus
1097 373 1416 455 perfectam
1444 373 1726 452 ejusmodi
1749 373 2164 456 Episcoporum
2187 386 2247 436 et

138 470 610 550 presbyterorum
638 467 1030 549 aequalitatem
1061 490 1133 527 ex
1157 467 1418 549 professo
1459 479 1808 550 propugnat.
1848 468 2079 527 Etenim
2123 469 2247 549 ipse

134 566 350 648 passim
380 563 577 636 docet,
604 563 879 622 eumdem
912 584 1034 622 esse
1064 563 1410 644 Episcopum
1434 574 1494 622 et
1514 563 1926 644 Presbyterum
1951 608 1966 636 .‚
1995 585 2244 644 praeser-

136 662 244 719 tim
272 681 410 719 vero
431 660 492 717 in
518 659 974 717 Commentariis
996 662 1063 715 in
1090 662 1256 734 epist.
1289 659 1376 733 ad
1405 658 1644 727 Titum,
1670 658 1774 716 ubi
1805 657 2002 716 scribit
2029 680 2042 716 :
2077 660 2247 717 Idem

135 768 222 815 est
259 777 390 835 erqo
423 755 744 832 Presbyter
779 757 891 831 qui
924 763 978 810 et
1012 752 1392 830 Episcopus,
1434 762 1491 809 et
1526 763 1852 831 antequam
1886 755 2118 813 diaboli
2151 760 2244 813 in-

135 856 360 910 stinctu
388 850 593 908 studia
622 854 691 907 in
718 850 996 926 reliqione
1014 847 1261 925 fierent,
1290 856 1348 905 et
1370 847 1671 904 diceretur
1705 851 1774 904 in
1802 851 2051 926 populis
2081 871 2094 908 :
2124 849 2249 929 Eyo

133 967 267 1005 sum
292 947 517 1013 Pauli,
545 966 641 1024 eqo
665 945 872 1022 Apollo
893 986 915 1014 ,
950 963 1047 1022 eqo
1073 952 1274 999 autem-
1304 941 1553 1020 Caphoe,
1587 941 1654 998 20
1676 947 1983 1000 communi
2001 943 2251 1022 Presby-

134 1052 401 1100 terorum
422 1042 662 1099 consilio
683 1040 960 1100 Ecclesiae
977 1038 1505 1117 yuberizabantur.
1537 1038 1866 1115 Postquam
1891 1059 2024 1096 vero
2047 1061 2251 1098 unus-

134 1141 383 1215 quisque
412 1158 531 1207 eos,
560 1155 703 1214 quos
734 1135 1170 1211 baptizaverat,
1203 1153 1338 1192 suos
1360 1132 1628 1212 putabat
1658 1154 1812 1204 esse,
1853 1153 1975 1191 non
2001 1134 2250 1205 Christi,

139 1230 205 1288 30
246 1236 314 1289 in
353 1241 459 1289 toto
497 1230 631 1287 orbe
670 1230 967 1286 decretum
1011 1238 1095 1286 est
1115 1271 1136 1300 ,
1182 1238 1253 1286 ut
1287 1249 1449 1286 unus
1498 1228 1568 1285 de
1615 1227 1988 1305 Presbyteris
2039 1226 2252 1287 electus

136 1320 639 1404 superponeretur
661 1328 866 1382 ceteris
883 1370 900 1392 ,
922 1323 1008 1380 ad
1019 1343 1194 1401 quem
1213 1327 1410 1381 omnis
1426 1322 1711 1381 Ecclesioe
1731 1343 1886 1381 cura
1903 1327 2251 1401 pertineret,

136 1432 192 1478 et
209 1421 598 1478 schismatum
621 1423 853 1478 semina
877 1420 1222 1477 tollerentur
1248 1415 1361 1496 (l).
1388 1420 1758 1499 Quapropter
1787 1416 2004 1476 ibidem
2030 1416 2097 1475 40
2123 1439 2252 1477 mo-

137 1526 239 1573 net
281 1515 616 1596 Ep1scopOS,
640 1515 720 1594 Jut
760 1518 1036 1572 noverint
1079 1534 1136 1572 se
1175 1518 1367 1592 mayis
1406 1514 1867 1582 consuetudine,
1900 1534 2084 1592 quam
2134 1515 2254 1573 dis-

124 1612 448 1688 positionis
482 1610 802 1667 dominicae
841 1613 1086 1666 veritate
1109 1655 1126 1677 ,
1178 1608 1552 1686 Presbyteris
1590 1628 1706 1666 esse
1748 1613 2036 1685 majores,
2080 1620 2135 1668 et
2182 1615 2254 1668 in

134 1709 444 1764 communi
455 1706 658 1764 debere
670 1706 1003 1764 Ecclesiam
1019 1725 1214 1783 reyere
1232 1702 1342 1782 (2).
1365 1693 1532 1775 Quod
1557 1713 1616 1761 et
1640 1703 1946 1762 confirmat
1968 1702 2029 1760 in
2046 1704 2248 1784 Epist.

134 1801 220 1857 ad
253 1802 629 1880 Evanyelum
653 1847 669 1870 ,
708 1800 770 1857 in
813 1820 926 1880 qua
970 1791 1253 1878 congestis
1289 1798 1720 1879 Scripturarum
1766 1798 2147 1874 testimoniis,
2189 1811 2254 1858 ut

137 1895 375 1954 suadeat
401 1895 673 1955 eumdem
698 1916 820 1954 esse
842 1894 1249 1975 Presbyterum
1273 1915 1336 1952 ac
1351 1894 1725 1974 Episcopum,
1743 1893 1809 1950 50
1830 1895 2052 1974 pergit:
2083 1897 2253 1954 Nam

136 2001 191 2047 et
205 1992 617 2059 Alexandriae,
646 2012 684 2048 a
709 1992 918 2049 Marco
946 1991 1004 2049 E
1010 1991 1332 2069 vanyelista
1361 2010 1547 2068 usque
1574 1991 1659 2045 ad
1678 1989 2007 2047 Heraclam
2031 1999 2090 2048 et
2107 1992 2253 2049 Dio-

139 2091 384 2163 nysium
421 2087 744 2165 Episcopos
766 2128 789 2157 ,
831 2086 1178 2164 Presbyteri
1199 2105 1428 2163 semper
1448 2105 1643 2142 unum
1667 2105 1739 2141 ea·
1776 2105 1833 2142 se
1868 2085 2113 2143 electum
2127 2129 2149 2157 ,
2178 2089 2252 2145 in

136 2183 441 2238 excelsiori
465 2183 671 2260 ¹qradu
693 2183 1067 2250 collocatum,
1088 2182 1460 2260 Episcopum
1489 2181 1925 2249 nominabant,
1964 2182 2248 2260 quomodo

134 2281 193 2334 si
232 2281 526 2334 exercitus
571 2281 992 2355 imperatorem
1029 2279 1255 2354 faciat,
1301 2286 1414 2333 aut
1454 2276 1722 2334 Diaconi
1758 2277 1988 2355 eliqant
2031 2277 2100 2334 de
2150 2299 2251 2349 se,

135 2394 312 2451 quem
356 2374 736 2430 industrium
780 2375 1053 2430 noverint
1084 2383 1141 2430 et
1180 2372 1685 2431 archidiaconum
1721 2383 1939 2430 vocent.
1979 2373 2044 2430 60
2090 2374 2260 2452 Quid

135 2471 296 2524 enim
317 2471 500 2544 facit,
521 2478 758 2546 eacepta
784 2469 1208 2537 Ordinatione,
1228 2469 1596 2547 Episcopus,
1613 2467 1771 2545 quod
1783 2468 2106 2545 Presbyter
2131 2488 2252 2528 non

131 2565 332 2639 faciat
358 2560 495 2640 (3)?
541 2564 678 2633 Quae
707 2561 945 2641 quidem
990 2563 1183 2619 omnia
1219 2573 1418 2642 aperta
1449 2570 1586 2619 sunt
1622 2559 1766 2619 adeo
1786 2605 1802 2634 .,
1845 2572 1909 2618 ut
1940 2582 2251 2622 commen—

139 2657 286 2715 tario
318 2679 438 2715 non
482 2656 797 2736 indigeant.
840 2657 908 2714 70
946 2658 1153 2715 Merito
1187 2656 1398 2714 idcirco
1443 2654 1777 2714 Blondellus
1815 2656 2090 2718 adversus
2133 2659 2250 2718 Ca-

142 2751 385 2811 tholicos
419 2752 743 2832 apologiam
771 2751 998 2833 scripsit
1024 2737 1175 2809 tanti
1204 2751 1470 2810 doctoris·
1509 2751 1675 2830 ErgO.

223 2848 361 2906 111.
411 2849 582 2929 Resp.
625 2847 772 2927 Ney.
814 2858 936 2906 ant.
976 2849 1162 2905 Nemo
1215 2847 1373 2905 enim
1415 2846 1656 2906 fortasse
1706 2867 1779 2906 ex
1823 2847 2157 2925 veteribuS.,
2196 2851 2246 2909 si

139 2943 332 3002 omnia
358 2943 468 3002 rite
505 2942 835 3026 perpendas
851 2986 869 3018 .,
890 2941 1256 3002 heterodoxis
1286 2941 1628 3002 adversatur
1650 2942 1829 3022 magis
1858 2965 2034 3025 quam
2052 2945 2251 3005 Hiero—

140 3058 372 3116 nymus,
424 3037 528 3098 llle
580 3037 872 3120 siquidem
917 3036 1216 3118 dignitatis
1271 3047 1330 3097 et
1382 3037 1685 3119 potestatis
1735 3040 2134 3120 praestantiam
2181 3042 2245 3100 in

143 3227 342 3290 tiquitus
361 3262 376 3287 ‚
411 3231 591 3295 inquit,
627 3229 729 3294 ipsi
757 3229 902 3276 etiam
945 3226 1151 3294 Presby-
1234 3237 1287 3277 ut
1320 3227 1399 3276 hic
1432 3227 1625 3292 quidem
1666 3226 1968 3295 Episcopus,
2016 3227 2094 3275 ille
2141 3245 2250 3277 vero

144 3309 238 3355 teri
275 3307 562 3357 vocabantur
596 3308 832 3376 Episcopi
872 3318 916 3357 et
955 3309 1153 3358 diaconi
1234 3310 1493 3375 Presbyter
1524 3310 1803 3377 appelletur.
1834 3310 1931 3359 Cfr.
1961 3308 2069 3358 Nat.
2107 3309 2242 3361 Alex.

148 3388 359 3445 Christi,
383 3398 426 3437 et
449 3389 680 3457 Episcopi
706 3390 999 3455 Presbyteri.
1029 3394 1151 3456 Quo·
1233 3392 1340 3440 diss.
1367 3391 1450 3440 cit.
1482 3390 1598 3459 §27.

143 3473 272 3519 circa
318 3471 393 3519 vel
438 3472 576 3520 hodie
623 3473 765 3521 multi
800 3471 1036 3539 Episcopi
1077 3477 1149 3523 ita
1303 3473 1370 3537 (l)
1412 3473 1599 3522 Comm.
1632 3476 1681 3521 in
1722 3489 1820 3536 cap.
1856 3488 1872 3519 1
1899 3509 1913 3533 ,
1943 3490 1986 3522 v.
2013 3470 2058 3521 5.

143 3554 361 3602 scribunt
400 3573 412 3603 :
459 3553 840 3620 Compresbytero
879 3565 924 3603 et
962 3557 1162 3604 condia·
1313 3556 1380 3620 (2)
1416 3556 1536 3606 Ibid.

144 3651 278 3685 cono.
327 3635 616 3688 Procedente
661 3653 768 3685 vero
810 3645 1012 3704 tempore
1044 3654 1160 3704 pro-
1312 3638 1382 3702 (3)
1414 3634 1580 3703 Epist.
1601 3650 1745 3698 exul,
1776 3652 1828 3686 n.
1856 3653 1901 3698 1,
1924 3637 2035 3688 edit.
2051 3636 2245 3687 Vallars.

140 3719 304 3780 prium
333 3720 505 3782 cuique
535 3718 847 3766 distributum
877 3727 945 3767 est
965 3735 1158 3781 nomen,
