2508 4120
2051 168 2176 228 235·

498 200 620 239 CAP.
668 201 732 235 11.
778 197 846 235 DE
887 195 1232 236 MATRIMONII
1274 188 1757 231 PROPRIETATIBUS..

81 343 240 401 nium
286 339 538 399 ostendit
590 335 842 398 Valesius
884 339 970 420 (1)
993 363 1008 412 ς
1065 336 1135 395 40
1174 335 1306 418 quia
1345 334 1440 393 cit.
1490 327 1864 405 Ammianusff'
1905 331 2179 412 quamvis*

80 435 484 494 Valentiniano
509 435 786 506 infensuS,
804 455 938 492 eum
958 429 1330 491 commendat
1347 428 1422 487 ob
1439 429 1711 487 castitatis
1734 426 2168 508 professionem,

76 529 330 588 scribens
365 551 378 586 ε
419 529 606 587 Omni
625 530 946 607 pudicitiae
971 528 1138 585 cultu
1165 526 1329 582 domi
1357 534 1553 581 castus
1571 533 1625 580 ct
1642 525 1826 600 foria,
1854 522 2015 579 nullo
2040 541 2170 578 con·

75 629 230 704 tayio
264 628 631 701 conscientie&
666 630 916 681 violatus
943 623 1230 686 ohsoeuoe,
1261 618 1422 674 nihil
1443 622 1733 674 incestum
1750 659 1770 686 ,
1804 627 1914 674 etc.
1949 615 2057 695 (2).

158 721 251 777 61.
299 719 386 778 Ad
409 719 489 776 3¹¹¹
511 764 526 793 a
552 721 706 778 Dz'st.
736 719 802 776 Id
830 719 1028 777 fecisse
1054 712 1396 795 perhibetur
1422 711 1726 769 Lotharius
1759 721 1959 767 contra
1983 709 2171 788 legem

77 814 285 873 Christi
306 859 321 888 7
356 836 542 879 conc.,·
575 813 830 892 legitime
854 858 870 886 2
916 833 1042 889 neq.
1080 807 1438 867 Adversariis
1471 827 1617 863 onus
1654 805 1942 863 incumbit
1970 815 2171 863 osten-

75 908 276 982 dendi,
303 909 421 967 sive
446 909 779 967 Lotharium
809 909 928 967 sive
951 906 1091 964 alios
1110 903 1210 984 qui
1227 903 1333 960 hoc
1353 911 1750 975 attentarunt,
1769 906 1935 978 juxta
1960 899 2173 959 Christi

72 1001 256 1080 legem
291 1003 497 1081 egisse,
523 1014 598 1061 nt
625 1001 845 1083 aliquid
881 1001 1249 1081 proficerent.
1288 995 1522 1075 Flagitia
1547 995 1706 1054 enim
1735 996 1912 1055 etiam
1948 995 2173 1053 Princi-

71 1117 215 1176 pum
253 1117 553 1177 nunquam
596 1107 844 1176 possunt
888 1096 1102 1153 sactum
1153 1091 1390 1172 aliquod
1438 1091 1832 1149 cohonestare.
1879 1092 2055 1148 Porro
2098 1089 2173 1150 de

74 1189 321 1248 Lotharii
345 1190 666 1270 polygamia
686 1190 805 1248 haec
835 1187 1124 1248 scribebat
1155 1185 1420 1246 Nicolaus
1446 1187 1468 1244 I
1491 1229 1507 1251 ς
1536 1206 1664 1266 quae
1688 1196 1747 1244 et
1767 1184 1891 1243 aliis
1916 1184 2179 1262 ejusdem

72 1287 327 1344 criminis
362 1287 486 1344 viro
518 1286 600 1344 illi
635 1287 886 1368 principi
927 1287 1090 1345 sociis
1131 1285 1319 1366 aptari
1355 1282 1575 1343 debent
1604 1304 1619 1341 z
1648 1284 1870 1342 Annon
1897 1284 2176 1342 districta

70 1382 292 1438 ultione
310 1382 619 1458 feriendus
638 1403 717 1452 es,
748 1386 860 1460 qui
874 1387 942 1440 in
957 1382 1198 1439 duabus
1220 1379 1514 1438 uxoribus
1527 1380 1898 1436 adulterium
1919 1378 2174 1437 Lamech

69 1478 343 1533 imitatus
376 1497 488 1533 esse
528 1476 932 1555 dzynosceris?
968 1475 1232 1535 Nicolaus
1259 1486 1537 1556 praeterea
1565 1473 2013 1532 contubernium
2041 1495 2174 1533 cum

67 1567 268 1649 pellice
286 1571 625 1650 Imperatori
647 1569 978 1651 prohibuit3
1008 1571 1318 1650 Episcopos
1350 1589 1487 1630 vero
1514 1577 1923 1643 assentatoreQ
1953 1567 2172 1649 quique

71 1662 291 1720 facinus
315 1662 707 1744 probaverant
728 1709 743 1733 ,
775 1686 806 1723 e
836 1663 1068 1723 sedibus
1098 1663 1306 1742 dejecit
1335 1662 1444 1742 (3).

154 1757 253 1816 62.
302 1757 388 1815 Ad
406 1758 487 1815 4¹¹¹
509 1803 526 1831 .,
554 1761 710 1818 Dz‘st.
739 1758 988 1817 Indulsit
1009 1759 1316 1838 Gregorius
1345 1759 1418 1831 ΙΙ,
1439 1768 1503 1814 ut
1518 1755 1721 1837 aliquis
1744 1755 1980 1816 duceret
2002 1756 2176 1815 aliam

74 1870 308 1908 uxorem
338 1851 411 1908 ob
437 1853 641 1933 prioris
666 1854 1068 1911 infirmitatem
1089 1897 1103 1925 7
1130 1873 1255 1934 quae
1279 1873 1493 1932 nempe
1514 1850 1643 1909 talis
1659 1863 1839 1926 esset,
1879 1863 1946 1910 ut
1976 1851 2176 1932 pleris-

79 1967 190 2026 que
218 1945 407 2026 placet
449 1948 565 2028 (4),
610 1971 738 2028 quae
784 1950 1160 2008 constitueret
1194 1948 1683 2028 impedimentum
1722 1946 2001 2006 dirimens
2036 1969 2174 2030 per-

74 2052 262 2121 petuae
302 2041 657 2121 impotentiae
679 2089 694 2118 ,
719 2054 932 2112 tram.;
965 2043 1040 2102 ob
1061 2044 1459 2101 infirmitatem
1490 2041 1971 2123 qualemcumque
1992 2087 2007 2116 .,
2046 2063 2176 2124 quae

62 2138 476 2216 ¹supervenerit
514 2138 883 2196 Matrimonio
912 2139 1051 2197 alias
1077 2139 1332 2218 legitime
1358 2148 1680 2210 contracto,
1721 2159 1849 2216 neq.
1879 2136 2013 2195 Ideo
2037 2157 2180 2195 vero

75 2230 501 2289 transmisimus
529 2234 787 2312 primum
814 2234 1204 2291 distinctionis
1232 2231 1587 2308 membrum,
1613 2232 1745 2311 quia
1767 2232 1906 2290 viris
1934 2216 2174 2290 eruditis

73 2323 312 2402 epistola
337 2324 432 2382 illa
450 2339 713 2407 suspecta
732 2339 819 2386 est
838 2373 852 2401 7
879 2327 952 2386 ab
981 2327 1103 2386 aliis
1130 2349 1267 2388 vero
1294 2338 1359 2385 ut
1383 2327 1746 2408 supposititia
1778 2327 2034 2404 rejicitur
2060 2325 2169 2405 (5)

1166 2531 1274 2562 cum
1303 2513 1512 2577 pluribus
1534 2548 1546 2570 ‚
1573 2530 1673 2577 quae
1712 2510 1783 2559 illi
1819 2514 1915 2559 viro
1947 2517 2044 2560 erat
2075 2528 2175 2560 me·-

1167 2594 1340 2643 tuenda
1376 2603 1563 2657 propter
1616 2596 1716 2658 ejus
1768 2594 2171 2641 incontinentiam.

1172 2675 1294 2741 Quae
1332 2676 1572 2740 responsio
1591 2710 1605 2738 ‚
1642 2674 1795 2722 subdit
1821 2711 1835 2733 ,
1872 2679 1919 2721 si
1947 2691 2046 2722 non
2063 2674 2177 2739 pla-

1166 2767 1237 2804 cet
1264 2794 1277 2817 ‚
1316 2756 1566 2821 fatendum
1614 2758 1706 2803 erit
1738 2773 1846 2804 cum
1891 2757 2134 2805 Gratiano·
2157 2794 2173 2817 ,

1166 2840 1447 2902 rescriptum
1469 2837 1553 2885 hoc
1585 2840 1830 2901 Greqorii,
1854 2847 2080 2902 tanquam
2097 2855 2174 2886 εα-

144 2511 218 2576 (l)
267 2512 377 2561 Loc.
443 2516 518 2560 cit.
563 2513 660 2560 Cfr.
701 2517 838 2561 etiam
881 2515 1076 2579 Pagina,

73 2591 158 2638 loc.
188 2594 267 2640 cit.

142 2674 210 2736 (2)
244 2673 348 2722 Lib.
384 2692 467 2722 xxx
488 2713 500 2734 ‚
523 2692 626 2740 cap.
653 2692 704 2741 9,
738 2674 849 2724 edit.
881 2674 1078 2735 Valesii,
1128 2733 1131 2737 .

33 2746 210 2804 ‘5⁴Paris.
250 2755 390 2805 1681.

140 2837 202 2900 (3)
242 2838 380 2898 Acta,
417 2853 519 2903 quae
554 2849 762 2903 spectant
793 2839 850 2886 ad
876 2838 1080 2886 Lotharii

69 2918 266 2978 facinus,
297 2920 382 2967 cfr.
415 2921 535 2984 apud
558 2919 788 2967 Hartzeim
807 2957 820 2978 ,
860 2919 1081 2967 Concilio

79 3000 390 3061 Germaniae,
440 3011 549 3049 tom.
599 3013 661 3060 ιι,
712 3019 815 3067 pag.
873 2999 971 3049 265
1024 3002 1081 3049 ad

76 3094 187 3141 pag.
216 3077 334 3127 355.

143 3157 212 3221 (4)
249 3159 380 3207 Hanc
415 3170 568 3209 tamen
595 3164 942 3226 'responsionem
986 3181 1078 3211 res-

73 3242 174 3303 puit
215 3239 364 3288 Estius
397 3244 446 3289 in
489 3242 574 3291 lib.
621 3240 655 3304 4
707 3243 841 3291 Sem.
889 3244 936 3291 d.
978 3245 1078 3305 33,

74 3319 100 3386 §
129 3319 192 3381 6,
223 3324 302 3386 qui
333 3334 516 3383 censet,
558 3324 825 3389 Gregorium
854 3339 890 3372 11
911 3329 1080 3391 (quem

72 3405 169 3466 ipse
189 3420 295 3450 cum
320 3402 533 3451 Gratiano
565 3406 676 3453 dicit
702 3422 755 3452 111
772 3405 809 3468 ),
845 3423 939 3454 non
970 3423 1078 3470 per-

72 3488 247 3533 misisse
269 3486 461 3534 alterum
490 3486 835 3536 Matrimonium
863 3499 1080 3555 tanquam

66 3572 243 3630 justum
295 3575 339 3615 et
391 3566 642 3632 legitimum
682 3606 696 3629 ,
745 3570 823 3617 scd
864 3579 1082 3636 tanquam

1166 2919 1260 2964 cris
1274 2918 1552 2977 canonibus,
1572 2920 1667 2964 ‘imo
1698 2918 1981 2982 evanqelicoe
2004 2926 2049 2965 et
2059 2934 2173 2983 apo·

1167 2998 1344 3046 stolicoe
1386 2999 1616 3048 doctrinm
1656 3002 1852 3066 penitus
1889 2999 2171 3058 adversum,

1166 3097 1267 3128 non
1285 3098 1382 3129 esse
1408 3082 1759 3147 recipiendum3
1783 3081 2066 3145 Pontificem
2082 3098 2171 3128 au-

1164 3177 1257 3215 tem
1281 3181 1378 3211 non
1407 3163 1610 3211 voluisse
1626 3172 1851 3228 tanquam
1869 3163 1988 3227 fidei
2000 3163 2171 3226 doymo

1165 3247 1391 3310 definire,
1421 3247 1503 3295 aed
1541 3248 1690 3295 solum
1728 3249 2004 3312 opinionem
2030 3262 2171 3294 snam

1164 3328 1222 3375 de
1249 3345 1299 3375 re
1315 3329 1527 3376 nondum
1546 3329 1744 3391 definita
1761 3327 1876 3374 aliis
1892 3326 2170 3377 declarasse.

1165 3408 1265 3457 cfr.
1299 3410 1488 3458 Bossuet
1508 3447 1521 3468 ,
1567 3407 1766 3472 Defensa
1808 3408 1864 3456 de
1906 3407 2054 3458 l’hist.
2088 3409 2170 3457 dea

1162 3493 1336 3539 variat.
1367 3489 1393 3555 ἓ
1421 3488 1504 3538 62.

1232 3572 1299 3636 (ὅ)
1336 3573 1432 3620 cfr.
1468 3572 1615 3619 Collet
1640 3609 1653 3631 ,
1701 3571 2016 3622 Continuatio
2039 3588 2170 3638 prae-

71 3650 223 3696 minus
277 3649 450 3696 malum
499 3660 701 3715 respectu
759 3651 1073 3700 fornicationis
1155 3653 1257 3701 lect.
1289 3652 1482 3716 theoloq.
1501 3652 1625 3702 Hon.
1647 3652 1902 3720 Tournely,
1922 3666 2037 3705 tom.
2066 3670 2164 3715 vm,
