2612 4146
366 143 444 203 74

894 167 1218 209 TRACTATUS
1261 171 1331 209 DE
1374 172 1639 216 ΕΧΊἜΕΜΔ
1683 177 1982 218 UNC'I'IONE.

365 333 490 372 esse
521 312 770 392 gratiam
799 310 1049 393 Spiritus
1093 311 1293 370 Sancti
1313 357 1329 387 ,
1361 316 1544 393 οτςῘιιε
1573 324 1777 380 unctio
1814 322 2060 392 delicta,
2098 325 2156 382 si
2197 345 2333 405 quoe
2370 329 2496 387 sint

362 408 566 468 adhue
597 407 904 488 empianda
921 404 1011 486 (l)
1025 454 1042 476 ,
1067 428 1144 467 ao
1154 413 1397 488 peccati
1425 411 1715 492 reliquias
1737 416 1829 497 (2)
1862 420 2182 499 absteryit;
2208 431 2266 479 et
2289 427 2496 502 oeqroti

360 509 643 565 animam
694 504 937 561 alleviat
964 513 1021 561 et
1063 506 1412 585 confirmat,
1455 527 1747 588 magnam
1789 516 1861 573 in
1893 535 1954 574 eo
1993 515 2220 590 divina?
2252 521 2494 579 misem-

361 602 584 662 oordioe
608 599 910 677 fiduciam
933 602 1281 671 excitanda·
1316 623 1441 682 qua
1476 606 1766 685 infirmus
1800 611 2174 685 sublevatae,
2211 623 2269 672 et
2293 614 2492 674 morbi

360 695 740 756 incommoda
777 716 851 754 ae
885 696 1117 757 labores
1138 700 1326 772 levius
1339 702 1495 779 fert,
1524 710 1582 759 et
1605 706 2028 766 tentationibus
2050 708 2340 769 doemom's
2362 710 2492 769 oal-

359 812 538 851 caneo
573 792 933 852 insidiantis
954 796 1212 874 facilius
1248 798 1472 855 resistit
1498 843 1515 866 ,
1555 807 1612 855 et
1634 782 1956 861 'sanitatem
1995 808 2262 883 eorporis
2301 809 2493 864 inter-

359 890 509 948 dum
527 935 545 957 ,
569 889 684 947 ubi
701 889 894 948 saluti
913 894 1140 950 animae
1161 892 1519 971 expedierit,
1541 897 1929 974 consequitur
1942 895 2049 979 (3).
2070 898 2230 976 Quos
2253 899 2492 983 quidem

358 984 599 1045 effectus
630 984 755 1044 fuse
781 996 842 1045 et
887 985 1188 1067 eleganter
1226 987 1471 1069 exponit
1505 988 1901 1051 Catechismus
1934 994 2231 1054 Romanus
2260 995 2351 1076 (4)
2374 1041 2390 1071 .,
2428 1016 2492 1055 ac

358 1081 622 1144 breviter
660 1080 1003 1164 complexus
1036 1092 1127 1143 est
1156 1083 1267 1143 hoc
1294 1082 1501 1143 distico
1524 1083 1683 1144 haud
1711 1086 1982 1167 ignobilis
2006 1095 2179 1173 poeta
2213 1112 2227 1150 :

699 1195 906 1275 Unqor
937 1198 1008 1254 in
1044 1198 1353 1264 extremi&
1380 1204 1451 1254 ut
1463 1195 1577 1275 fiat
1595 1200 1805 1277 qratia
1828 1203 2062 1278 major,

771 1291 860 1351 Ec
886 1291 1136 1352 morbus
1163 1291 1373 1361 levior,
1402 1301 1459 1350 et
1478 1310 1614 1351 mea
1637 1295 1819 1375 eulpa
1853 1298 2077 1355 minor.

425 1444 499 1509 (l)
518 1442 643 1493 Hine
655 1445 825 1511 passim
851 1443 1074 1510 Theologi
1097 1443 1287 1505 docent,
1305 1459 1387 1508 per

357 1525 714 1576 Sacramentum
766 1526 991 1575 Extremae
1033 1526 1277 1575 Unctionis
1316 1526 1388 1574 di-

359 1612 484 1658 mitti
512 1619 699 1675 peccata
721 1609 917 1659 venialia
943 1625 1039 1675 per
1064 1625 1113 1656 se
1135 1643 1150 1668 ,
1183 1608 1386 1657 exitialia

359 1708 469 1742 vero
496 1700 637 1759 atque
655 1692 889 1741 mortifera
906 1693 1080 1740 remitti
1098 1689 1387 1738 secundario

357 1793 439 1825 seu
461 1791 557 1841 per
588 1775 830 1825 accidens,
862 1772 1031 1840 Neque
1051 1775 1182 1823 enim
1201 1810 1215 1834 ‚
1234 1774 1389 1840 inquit

360 1857 690 1908 Gateohiomus
714 1858 853 1907 Rom.
875 1858 970 1907 loc.
993 1859 1075 1906 cit.
1094 1874 1147 1906 n.
1178 1854 1239 1920 14
1259 1890 1273 1917 ,
1301 1853 1387 1905 hoo

360 1940 733 1990 Sacramentum
759 1941 1008 2008 primario
1042 1938 1140 1989 loco
1175 1940 1241 1988 ad
1271 1956 1387 2004 qra-

356 2027 549 2074 viorum
579 2027 845 2074 criminum
878 2025 1209 2073 remissionem
1243 2023 1388 2071 insti-

358 2113 517 2156 tutum
546 2116 648 2170 est3
675 2108 757 2157 sed
788 2107 1076 2173 Baptismus
1101 2113 1292 2155 tantum
1333 2111 1379 2152 et

357 2191 663 2239 Paenitentia
693 2191 747 2238 vi
776 2206 867 2238 sua
902 2188 990 2238 Ιιοσ
1032 2189 1257 2255 efficiunt.
1298 2186 1389 2252 Qui

357 2290 465 2338 ergo
479 2290 588 2322 cum
602 2271 659 2322 Sa
666 2273 851 2321 mbovio
869 2274 1151 2331 existimant,
1171 2269 1390 2319 effectum

358 2358 491 2405 istius
530 2356 776 2406 Unctionis
806 2373 886 2420 per
912 2373 960 2404 se
989 2372 1087 2403 non
1111 2371 1209 2403 esse
1233 2353 1386 2402 solam

356 2441 681 2488 remissionem
695 2438 946 2497 venialium
959 2472 975 2498 ,
995 2437 1076 2486 sed
1093 2439 1235 2486 etiam
1259 2453 1386 2484 mor-

358 2522 556 2583 talium,
590 2524 626 2570 ii
656 2531 866 2587 pugnant
893 2538 1003 2570 cum
1043 2520 1253 2568 doctrina
1286 2517 1382 2566 Ca-

357 2605 573 2654 techismi
591 2604 824 2665 Romani,
856 2606 953 2652 imo
977 2620 1088 2652 cum
1118 2617 1256 2651 sensu
1278 2603 1385 2650 uni-

358 2704 496 2737 versae
521 2686 739 2736 Ecclesiae
759 2722 777 2749 ‚
806 2704 907 2753 quae
939 2687 1034 2735 duo
1070 2685 1224 2734 solum
1260 2699 1385 2732 sem·

356 2788 440 2837 per
479 2771 666 2834 agnovit
702 2779 989 2818 sacramenta
1033 2775 1338 2816 mortuorum
1367 2803 1382 2828 ,

357 2851 653 2917 Baptismum
699 2868 871 2916 nempe
920 2860 966 2899 et
1009 2848 1344 2898 Poenitentiam
1367 2864 1383 2912 3

359 2939 548 2987 tertium
579 2945 736 2985 autem
772 2935 883 2984 addi
923 2943 1181 2999 oporteret,
1225 2935 1263 2981 si
1293 2932 1387 2981 Ex-

359 3031 508 3070 trema
534 3018 703 3069 Unctio
735 3017 796 3067 ad
823 3017 1020 3067 delenda
1050 3033 1131 3081 per
1167 3032 1216 3064 se
1248 3016 1387 3063 etiam

358 3102 548 3153 lethalia
573 3102 734 3151 fuisset
764 3102 990 3149 instituta.
1030 3098 1187 3147 Posset
1230 3108 1388 3147 tamen

360 3185 773 3247 dici,ordinatum
790 3201 886 3234 esse
913 3183 1005 3231 hoc
1032 3180 1386 3231 Sacramentum

360 3270 499 3317 etiam
518 3268 691 3317 directe
717 3263 778 3316 ad
807 3265 1005 3321 delenda
1029 3274 1211 3330 peccata
1238 3263 1387 3313 letha-

361 3351 454 3412 lia,
494 3351 575 3400 sed
612 3369 666 3400 ea
704 3350 858 3399 solum
898 3364 1118 3414 quorum,
1162 3348 1387 3412 poenitens

362 3435 695 3482 conscientiam
734 3450 832 3482 non
868 3431 1042 3490 habet,
1087 3445 1387 3496 quacumque

363 3516 557 3565 demum
582 3532 641 3564 ex
657 3533 795 3564 causa
810 3516 858 3563 id
876 3514 1133 3580 proveniat.
1151 3511 1266 3560 Haec
1281 3527 1383 3559 om-

364 3602 444 3648 nia
466 3600 649 3664 copiose
683 3598 883 3646 declarat
904 3596 1011 3646 Nic.
1032 3594 1240 3645 Serarius
1256 3631 1270 3651 ‚
1301 3610 1380 3657 op.

364 3686 444 3731 cit.
485 3699 591 3746 cap.
628 3697 695 3746 9,
736 3697 870 3729 num.
917 3681 1009 3729 113
1040 3689 1086 3729 et
1123 3695 1255 3745 seqq.
1286 3674 1381 3725 cfr.

365 3766 504 3813 etiam
526 3763 578 3814 S.
600 3763 695 3812 Th.
723 3764 775 3811 in
804 3761 977 3829 Suppl.
1009 3780 1060 3828 q.
1092 3762 1155 3811 30
1174 3796 1191 3823 ,
1223 3769 1307 3809 art.
1330 3776 1345 3806 1
1366 3797 1380 3821 ,

1469 1453 1515 1493 et
1530 1443 1672 1495 Com.
1694 1443 1842 1495 Geni.
1860 1445 1947 1495 lib.
1958 1443 2015 1509 4,
2029 1463 2132 1512 cap.
2152 1448 2235 1514 73;
2250 1446 2340 1496 hac
2354 1464 2494 1513 porro

1468 1528 1645 1575 ratione
1663 1563 1678 1588 ,
1706 1543 1813 1594 quae
1829 1526 1918 1577 sibi
1938 1530 2139 1578 invicem
2161 1529 2391 1579 adversari
2418 1531 2491 1580 vi-

1469 1608 1646 1657 dentur
1661 1647 1675 1670 ,
1693 1619 2054 1676 componuntur.
2074 1610 2142 1660 Ex
2162 1611 2254 1660 hoc
2273 1611 2495 1676 colligunt

1471 1690 1693 1758 Theologi
1710 1729 1726 1753 ‚
1748 1694 1849 1742 fieri
1879 1711 2011 1760 posse
2037 1703 2088 1742 ut
2118 1695 2158 1741 is
2183 1711 2265 1758 per
2293 1694 2384 1743 hoc
2407 1693 2496 1742 Sa-

1470 1786 1760 1825 cramentum
1790 1775 1990 1826 salvetur
2007 1812 2021 1836 ‚
2039 1776 2123 1842 qui
2138 1773 2345 1840 alioquin
2377 1785 2495 1826 essct

1474 1856 1795 1909 damnandus.

1538 1941 1607 2006 (2)
1645 1941 1747 1991 Hoc
1770 1945 1962 1992 nomine
1993 1941 2270 2008 intelligitur
2296 1941 2495 2009 languor

1470 2022 1550 2073 ille
1587 2033 1634 2073 et
1662 2025 1909 2074 infirmitas
1940 2027 2110 2075 virium
2129 2062 2145 2087 ‚
2179 2043 2272 2092 qua
2314 2043 2342 2074 a
2375 2035 2495 2076 recte

1471 2106 1605 2157 factis
1634 2116 1816 2174 atquea
1832 2108 1986 2157 studio
2017 2109 2200 2158 virtutis
2226 2124 2491 2168 avocamur,

1474 2198 1575 2236 tum
1595 2206 1805 2254 perversa
1828 2190 1910 2239 illa
1941 2200 2081 2256 atque
2106 2199 2380 2255 praepostera
2409 2207 2494 2238 vo-

1473 2269 1663 2320 luntatis
1679 2272 1917 2320 inclinatio
1933 2308 1948 2331 ‚
1968 2289 2062 2338 qua
2092 2272 2305 2337 propensi
2333 2289 2495 2320 sumus

1474 2351 1533 2402 ad
1550 2355 1659 2402 vitia
1675 2388 1692 2414 ‚
1717 2363 1857 2421 atque
1872 2354 1928 2403 ad
1945 2354 2194 2419 explendas
2218 2352 2495 2418 cupiditates

1473 2436 1683 2503 quodam
1704 2437 1848 2486 veluti
1881 2430 2088 2502 pondere
2108 2436 2413 2502 impellimur.
2432 2435 2495 2485 Ut

1473 2529 1629 2568 autem
1661 2519 1761 2568 haec
1783 2518 1954 2585 duplex
1976 2520 2122 2567 animi
2148 2518 2331 2568 affectio
2347 2555 2362 2578 ‚
2389 2534 2493 2584 quae

1473 2602 1776 2651 multitudine
1829 2613 2125 2668 peccatorum
2167 2602 2452 2651 contrahitur
2476 2638 2490 2661 ‚

1472 2686 1536 2734 ita
1565 2695 1825 2751 opportuno
1847 2685 2053 2735 remedio
2069 2687 2219 2734 sanari
2245 2684 2384 2733 debet
2403 2720 2418 2744 ,
2438 2700 2492 2732 eo

1472 2769 1721 2832 praesertim
1764 2777 1969 2832 tempore
1989 2803 2004 2827 ,
2041 2763 2135 2832 quo
2188 2763 2327 2814 nobis
2367 2767 2491 2830 gravi

1473 2849 1637 2897 morbo
1678 2848 1907 2897 afflictatis
1951 2844 2190 2913 impendet
2232 2847 2491 2912 periculum

1473 2931 1741 2980 amittendae
1774 2932 1900 2980 vitae.
1947 2929 2152 2978 Mortem
2198 2931 2323 2978 enim
2354 2931 2491 2995 perti-

1474 3004 1758 3077 mescimus3
1803 3014 2018 3061 timorem
2054 3027 2163 3060 vero
2208 3017 2343 3076 auget
2387 3018 2490 3059 tum

1473 3104 1691 3145 anteactae
1706 3096 1812 3144 vitae
1836 3095 2117 3143 conscientia
2136 3131 2150 3154 ‚
2174 3104 2271 3142 tum
2288 3093 2367 3142 illa
2381 3111 2491 3142 cura

1473 3187 1520 3228 et
1547 3180 1761 3244 cogitatio
1791 3178 1850 3227 de
1875 3176 2167 3226 formidando
2201 3176 2305 3243 Deij
2333 3176 2488 3225 udicio

1473 3261 1613 3327 paulo
1636 3271 1740 3327 post
1758 3259 2025 3310 subeundo.
2054 3258 2122 3307 Ne
2140 3261 2280 3325 igitur
2306 3260 2489 3307 animus

1473 3343 1546 3392 his
1579 3342 1823 3393 timoribus
1861 3345 2173 3408 opprimatur,
2213 3342 2291 3390 sed
2335 3343 2488 3406 potius

1472 3437 1671 3476 mortem
1701 3426 1952 3492 tranquille
1968 3435 2174 3491 expectet
2194 3461 2208 3485 ‚
2237 3424 2420 3472 excitari
2442 3428 2489 3469 et

1470 3512 1581 3574 erigi
1608 3509 1743 3559 debet
1762 3546 1776 3569 ‚
1791 3511 1867 3574 pio
1882 3508 2084 3575 quodam
2108 3516 2359 3572 sanctoque
2375 3521 2487 3569 gau-

1469 3595 1546 3644 dio
1575 3593 1739 3658 repleri
1755 3601 1800 3640 et
1822 3610 1847 3639 a
1862 3594 2034 3657 peccati
2057 3590 2262 3657 reliquiis
2278 3586 2483 3635 liberari.

1537 3675 1600 3742 (3)
1631 3674 1750 3724 Sess.
1780 3692 1878 3736 nv,
1894 3676 1972 3723 De
1989 3674 2039 3724 E
2039 3682 2135 3723 atr.
2150 3670 2300 3722 Unel.
2320 3685 2481 3735 capa„

1537 3759 1605 3823 (4)
1639 3757 1752 3808 Loc.
1782 3759 1862 3807 cit.
