2508 4120
2137 185 2253 244 169

600 207 719 244 GAP.
763 206 821 246 V.
872 208 941 244 DE
982 206 1262 246 GAELIBATU
1307 204 1645 244 ECCLESIAST.
1683 203 1801 240 ETG.

234 349 367 408 190.
413 348 524 408 Sed
552 370 742 431 neque
756 350 875 427 juri
902 349 1154 409 naturali
1179 370 1398 409 sacram
1421 347 1798 409 continentiae
1823 344 2015 428 legem
2041 346 2253 410 adver-

150 445 262 504 sari
285 443 377 504 vel
392 443 599 504 exinde
624 445 926 518 evincitur,
947 445 1167 527 quodsi
1184 444 1612 517 adversaretur,
1638 443 1744 501 hoc
1759 442 1891 502 ideo
1916 455 2088 517 esset,
2115 446 2258 526 quia

151 539 420 599 existeret
456 538 646 620 aliqua
691 550 913 599 naturae
963 539 1093 611 lex,
1130 553 1272 620 'quae
1311 538 1584 597 omnibus
1633 549 1693 596 et
1733 537 1969 617 singulis
2011 538 2260 598 humani

149 635 374 713 generis
407 632 719 694 individuis
756 635 1084 713 injungeret
1118 633 1559 691 matrimonium
1593 657 1609 704 ς
1646 633 1809 713 atqui
1845 633 2126 709 ejusmodi
2163 633 2260 693 lex

151 751 271 787 non
300 729 524 800 existit,
568 729 630 785 10
669 729 799 809 quia
836 728 1091 809 alioquin
1123 748 1324 786 omnes
1354 737 1414 784 et
1442 725 1651 805 singuli
1690 738 1815 784 tum
1857 727 2095 786 masculi
2131 739 2261 788 tum

149 823 402 883 foeminae
427 867 441 896 ,
463 823 584 883 sive
604 813 884 904 pauperes
908 823 1122 889 fuerint
1147 822 1268 883 sive
1297 821 1507 880 divites
1529 866 1543 895 ,
1570 822 1691 882 sive
1712 822 1839 880 sani
1861 822 1983 883 sive
2010 824 2260 896 infirmi,

149 918 271 977 sive
321 939 485 998 pares
530 918 880 977 sustinendis
925 917 1281 976 matrimonii
1323 915 1595 975 oneribus
1644 917 1764 976 sive
1807 917 2098 997 impareS,
2138 919 2263 981 sive

150 1013 302 1071 servi
338 1013 458 1071 sive
483 1011 652 1072 liberi
676 1058 691 1087 ,
718 1034 920 1071 omnes
949 1011 1186 1071 omnino
1207 1056 1223 1084 ,
1258 1012 1500 1093 inquam
1526 1057 1541 1086 ,
1573 1022 1632 1071 et
1659 1011 1867 1091 singuli
1894 1034 2129 1094 prorsus
2154 1014 2263 1074 hac

151 1106 275 1185 lege
323 1105 716 1186 obligarentur
764 1107 837 1166 ad
889 1107 1119 1188 nuptias
1175 1106 1598 1166 contrahendas
1619 1153 1635 1182 ,
1695 1099 1852 1189 quod
1904 1129 2080 1167 nemo
2123 1130 2263 1169 sane

153 1201 401 1275 dixerit,
443 1223 633 1283 neque
678 1202 991 1262 adversarii
1031 1202 1216 1261 nostri
1255 1201 1654 1277 contendunt,
1701 1212 1906 1284 utpote
1943 1201 2265 1263 absurdum

151 1294 531 1377 pluribusque
556 1296 619 1353 in
643 1295 867 1356 casibus
895 1297 1284 1378 impossibile3
1327 1299 1397 1354 2⁰
1424 1298 1556 1378 quia
1596 1297 1644 1356 si
1674 1297 1947 1357 existeret
1982 1299 2266 1378 ejusmodi

150 1390 267 1465 lex,
305 1389 510 1472 populi
534 1412 662 1450 eam
692 1393 1094 1471 cognovissent
1115 1438 1129 1467 ,
1158 1393 1527 1472 agnovissent
1549 1392 1903 1473 legislatores
1924 1439 1940 1468 ,
1972 1395 2265 1476 sapientes

154 1498 214 1545 et
244 1486 391 1563 juris
421 1487 699 1545 naturalis
742 1488 936 1569 periti.
984 1489 1118 1547 Jam
1156 1510 1295 1549 vero
1336 1499 1569 1547 tantum
1613 1488 1816 1564 abest,
1860 1500 1927 1547 ut
1962 1489 2164 1571 populi
2207 1501 2268 1549 et

149 1579 524 1660 legislatoreS,
550 1583 837 1663 sapientes
858 1587 1269 1664 cujuscumque
1290 1584 1494 1656 aetatis,
1512 1581 1664 1642 hanc
1689 1583 1877 1662 legem
1893 1586 2262 1663 agnoverint,

151 1697 395 1758 reosque
418 1689 726 1758 propterea
760 1699 823 1736 ac
861 1675 1000 1757 legis
1042 1677 1320 1737 naturalis
1349 1678 1688 1736 infractores
1720 1677 2088 1739 traduxerint
2112 1679 2270 1740 caeli·-

150 1769 322 1830 batus
348 1773 494 1831 sacri
516 1772 761 1832 cultores
782 1818 798 1848 ,
832 1784 898 1831 ut
922 1795 1016 1832 eos
1042 1774 1234 1855 potius
1254 1818 1269 1848 ,
1302 1773 1396 1833 vel
1426 1774 1551 1854 ipso
1579 1784 1798 1832 naturae
1824 1773 2046 1834 lumine
2081 1774 2264 1854 ducti,

154 1887 385 1925 summo
420 1888 651 1948 semper
678 1869 739 1926 in
777 1869 964 1949 pretio
997 1868 1311 1927 habuerint
1347 1879 1405 1926 et
1444 1868 1760 1927 honoribus
1791 1870 2262 1946 cumulaverint3

154 1973 328 2041 prout
355 1962 427 2020 de
460 1963 738 2043 AEgyptiis
763 2009 778 2036 ,
814 1963 969 2021 Indis
988 2009 1004 2038 ,
1041 1964 1227 2022 Persis
1248 2008 1264 2037 ,
1297 1963 1504 2021 Graecis
1533 1975 1706 2044 atque
1731 1965 2004 2043 Romanis
2042 1966 2268 2026 erudite

154 2056 408 2117 ostendit
435 2058 717 2118 Henrieus
751 2059 958 2118 Morini
992 2057 1102 2140 (1).
1143 2058 1266 2118 Hoc
1308 2057 1547 2118 demum
1585 2058 1719 2118 fassi
1751 2071 1889 2119 sunt
1929 2083 2053 2120 non
2092 2064 2266 2144 pauci

151 2275 386 2326 Ecclesia·
417 2298 436 2335 ;
478 2277 688 2327 Canisius
739 2282 790 2328 in
833 2279 1160 2337 Catechi'smc),

155 2369 317 2424 quaest.
339 2358 373 2422 4
388 2370 431 2407 et
448 2357 506 2423 53
528 2360 737 2410 Zaccaria
757 2399 771 2425 ,
788 2380 863 2429 op.
880 2367 963 2413 cit.
983 2365 1066 2413 lib.
1090 2383 1160 2428 111,

153 2457 254 2505 cap.
279 2458 324 2489 2.

223 2522 290 2585 (l)
330 2522 448 2571 Cum
475 2524 572 2572 haec
590 2528 826 2574 notissima
859 2530 950 2575 sint
973 2566 986 2588 ‚
1012 2531 1162 2578 necin

156 2600 351 2651 dubium
389 2617 655 2653 revocentur
680 2607 738 2654 ab
767 2608 1032 2657 adversariis
1050 2628 1160 2658 nos-

156 2687 235 2732 tris
252 2721 267 2744 ,
303 2688 380 2749 qui
405 2698 616 2750 praeterea
637 2689 802 2737 exinde
824 2690 1049 2756 colligunt
1068 2694 1162 2740 ori-

152 2769 306 2831 ginem
328 2768 565 2817 caelibatus
582 2772 630 2817 in
652 2771 868 2835 religione
884 2773 1128 2822 christiana
1146 2812 1178 2835 ,-

155 2866 215 2897 ne
247 2852 378 2897 nimii
403 2869 599 2899 essemus
621 2890 633 2912 ,
667 2853 845 2901 silentio
876 2859 1163 2919 praetermisi-

155 2947 259 2979 mus
285 2934 528 2982 innumera
555 2952 693 3000 prope
716 2937 991 2985 documenta
1012 2974 1025 2999 ‚
1055 2955 1161 3004 quae

159 3013 325 3060 eruditi
342 3017 422 3062 viri
438 3016 719 3081 collegerunt
738 3055 750 3076 ‚
771 3029 822 3065 ut
847 3019 1158 3079 ostenderent,

160 3110 339 3141 summo
376 3112 552 3162 semper
586 3101 634 3145 in
673 3102 816 3163 pretio
851 3101 973 3163 apud
1003 3118 1162 3149 omnes

160 3184 311 3237 gentes
352 3177 532 3226 habitos
564 3197 640 3228 eos
681 3182 848 3240 fuisse,
901 3184 981 3246 qui
1028 3186 1162 3231 sacris

162 3258 434 3306 muneribus
483 3261 708 3310 obeundis
757 3263 927 3310 addicti
954 3264 1162 3313 caelibem

161 3341 303 3386 vitam
331 3342 668 3403 profiterentur.
690 3344 784 3392 Cfr.
813 3343 956 3392 Henri
975 3345 1129 3394 Morin
1147 3384 1160 3407 ‚

164 3418 383 3467 Histoire
409 3424 608 3486 critique
644 3425 709 3472 du
733 3424 935 3487 celibat,
970 3444 1071 3492 quae
1092 3431 1165 3476 in-

156 3513 281 3570 serta
312 3513 377 3551 est
405 3504 494 3551 vol.
523 3521 568 3553 1v
584 3505 863 3555 Academiae
892 3509 1166 3575 inscriptio-

162 3600 280 3631 num
304 3620 317 3644 ,
351 3603 397 3650 p.
425 3581 521 3632 308
548 3595 592 3634 et
626 3604 751 3654 seqq.
785 3589 918 3637 Hanc
961 3591 1170 3641 disserta-

165 3667 335 3715 tionem
391 3685 557 3733 magna
602 3686 655 3718 ex
695 3681 818 3734 parte
866 3670 1004 3720 refert
1047 3676 1171 3723 etin

1249 2281 1520 2347 compendio
1557 2281 1740 2331 exhibet
1773 2282 2015 2344 Zaccaria,
2059 2301 2137 2349 op.
2184 2287 2266 2334 cit.

1248 2361 1612 2412 Dissertazione
1640 2368 1812 2431 previa
1846 2365 1927 2412 sul
1968 2364 2165 2413 celibato
2193 2367 2270 2414 tr&

1247 2445 1287 2493 le
1310 2447 1516 2493 nazioni
1536 2448 1704 2511 prima
1735 2445 1789 2492 di
1824 2445 1892 2495 G.
1917 2445 1977 2494 C.
1999 2447 2097 2495 Cfr.
2130 2450 2267 2495 etiam

1246 2528 1460 2575 Albertus
1508 2528 1772 2589 Fabricius,
1805 2531 1854 2575 in
1895 2527 2268 2594 Biblioqraphia

1244 2609 1528 2672 antiquaria
1559 2627 1608 2673 p.
1641 2607 1743 2657 388
1766 2619 1811 2657 et
1844 2627 1975 2676 seqq.
2003 2610 2264 2677 Hamburgi

1252 2688 1406 2754 17605
1450 2691 1583 2739 Com.
1615 2691 1684 2740 De
1719 2691 1934 2754 Maistre,
1969 2692 2060 2741 Du
2089 2693 2258 2759 Pape,

1243 2772 1328 2821 lib.
1368 2789 1454 2832 111,
1488 2771 1565 2822 ch.
1609 2772 1715 2840 3,§
1750 2792 1765 2821 1
1788 2811 1804 2832 ,
1853 2775 2139 2824 Traditions
2175 2794 2267 2825 an-

1243 2857 1413 2919 tique&
1470 2855 1640 2904 Verum
1683 2858 1809 2922 quod
1863 2860 2006 2924 magis
2045 2862 2223 2908 mireris
2250 2899 2264 2921 ,

1243 2938 1339 3001 ipse
1390 2939 1723 2986 infensissimus
1781 2939 1926 2988 hostis
1971 2941 2267 2990 ecclesiastici

1244 3019 1476 3069 caelibatus
1516 3020 1600 3069 Dr.
1632 3021 1783 3070 Frank
1805 3059 1817 3081 ,
1853 3024 1903 3070 in
1942 3041 2019 3087 op.
2056 3019 2266 3073 Sistema

1243 3101 1466 3166 completo
1521 3102 1576 3149 di
1608 3103 1798 3168 polizia
1850 3104 2036 3151 medica
2067 3142 2080 3163 ,
2140 3105 2265 3154 trad.

1244 3185 1317 3232 dal
1358 3184 1591 3244 Tedesco,
1647 3186 1821 3234 Milano
1868 3184 1991 3234 1803
2018 3221 2033 3244 ‚
2066 3187 2157 3235 vol.
2208 3203 2263 3247 1,

1246 3284 1335 3313 sez.
1380 3283 1431 3325 1,
1471 3278 1558 3315 art.
1608 3266 1723 3332 2,§
1762 3261 1821 3326 Ι5,
1857 3279 1903 3315 et
1943 3271 2040 3331 ipse
2075 3268 2267 3317 adducit

1249 3348 1466 3414 pleraque
1486 3349 1783 3405 documenta,
1809 3359 1861 3395 ut
1878 3349 2115 3410 ostendat,
2137 3352 2263 3417 quod

1250 3428 1291 3476 il
1333 3429 1528 3482 celibato
1572 3430 1885 3478 ecclesiastico
1923 3431 1947 3476 e
1994 3447 2194 3480 comune
2232 3450 2263 3480 a

1257 3514 1400 3575 quasi
1430 3520 1543 3559 tutte
1574 3511 1615 3560 Ie
1643 3510 1869 3575 reliqiom'
1888 3548 1902 3570 ‚
1938 3515 2113 3562 scilicet
2128 3550 2145 3575 ,
2169 3531 2262 3563 οω-

1253 3595 1454 3643 libatum
1467 3595 1567 3658 fere
1590 3594 1811 3643 omnibus
1839 3595 2151 3662 reliqionibus
2167 3613 2263 3645 ease

1251 3694 1561 3728 communem.
