2508 4120
605 180 727 217 οη.
776 177 857 219 lv.
902 179 970 214 nn
1012 175 1385 214 mammenus
1428 173 1639 212 auxus,
2065 148 2179 210 397

79 321 275 382 omnia
311 318 595 401 aequitatis
621 324 775 398 jura.
825 319 1119 378 Rationes
1145 339 1245 377 seu
1287 316 1504 376 motiva
1527 361 1543 390 .,
1589 335 1715 397 quae
1752 325 1954 395 postea
1993 312 2185 372 addu-

79 427 290 476 cuntur
319 414 393 474 ad
425 415 829 474 innovationes
859 412 1251 471 honestandas
1274 424 1330 471 et
1349 410 1655 471 violentias
1678 455 1694 485 ,
1711 431 1854 492 quas
1878 419 2147 471 exercent
2166 453 2184 483 ,

64 522 216 569 sunt
245 509 342 567 illa
375 509 498 589 ipsa
525 552 542 582 ,
582 528 708 589 quae
730 508 794 566 in
826 507 1147 588 AEsopianis
1186 505 1398 564 fabulis
1439 504 1611 586 lupus
1651 504 1862 584 ingerit
1912 503 2187 563 adversus

80 626 294 684 agnum
313 647 330 676 ,
362 614 462 660 aut
483 601 574 660 leo
595 602 655 659 in
689 601 999 683 partitione
1022 599 1247 681 praedae.
1279 598 1448 672 Quod
1476 620 1614 660 vero
1638 599 1907 676 adjicitur
1944 598 2019 657 de
2047 613 2191 678 per-⁴

82 697 412 757 turbatione
449 696 604 776 pacis
636 717 701 754 ac
722 695 869 755 laesae
907 694 1220 772 Majestatis
1249 694 1491 752 crimine
1512 739 1527 767 ‚
1565 693 1804 752 solidius
1834 691 2191 751 fundamen-2

82 803 207 850 tum
236 810 356 848 non
377 789 591 863 habet3
621 788 907 870 siquidem
925 789 1036 870 ipsi
1058 789 1351 870 Principes
1375 787 1679 847 acatholici
1698 798 1838 846 sunt
1854 832 1871 863 ,
1899 787 1999 868 qui
2023 797 2191 845 tran-⁴

86 885 335 968 quillum
352 906 548 944 rerum
559 896 804 959 statum,
831 885 929 966 qui
944 883 1104 966 prius
1125 884 1378 964 vigebat,
1397 883 1819 965 perturbarunt
1838 909 1853 957 ς
1869 883 1978 965 ipsi
1995 883 2192 943 omnia

82 983 368 1063 susdeque
401 992 708 1042 verterunt
741 981 894 1062 leges
926 980 1285 1040 conficiendo
1306 1026 1322 1054 .,
1363 1002 1488 1062 quae
1529 981 1704 1040 illaesa
1742 980 2095 1040 conscientia
2126 999 2191 1038 ac

84 1078 255 1137 salvis
283 1075 511 1154 juribus
547 1075 799 1134 naturali
823 1121 837 1150 a
870 1075 1069 1134 divino
1108 1087 1168 1134 et
1196 1075 1577 1135 ecclesiastico
1609 1076 1829 1137 servari
1861 1085 2188 1156 nequeunt.

84 1171 202 1230 Sibi
241 1182 546 1252 propterea
584 1171 874 1251 imputare
913 1169 1134 1230 debent
1167 1215 1183 1244 ,
1223 1171 1270 1228 si
1302 1170 1640 1230 Sacerdotes
1686 1169 1996 1229 catholicos
2042 1169 2193 1228 relu-

88 1275 307 1324 ctantes
333 1265 735 1346 experiuntur.
765 1267 953 1338 Quare
974 1286 1096 1324 non
1125 1265 1305 1344 magis
1328 1265 1767 1347 perturbatores
1802 1287 1868 1324 ac
1902 1263 2049 1324 laesae
2073 1265 2192 1323 Ma-

75 1360 299 1438 J'estatis
326 1359 410 1418 rei
442 1359 673 1418 dicendi
702 1370 841 1418 sunt
874 1358 1139 1419 catholici
1178 1359 1546 1437 SacerdoteS‚
1581 1361 1724 1420 dum
1762 1371 2021 1420 renuunt
2063 1358 2197 1417 latis

85 1453 368 1533 ejusmodi
405 1453 628 1533 legibus
659 1453 1097 1536 obtemperare,
1139 1477 1317 1536 quam
1352 1454 1792 1537 perturbatores
1821 1477 1885 1514 ac
1922 1455 2010 1514 rei
2045 1454 2193 1514 laesae

84 1548 395 1624 Majestatis
428 1547 659 1607 dicendi
693 1561 884 1608 essent
905 1550 1131 1630 antiqui
1160 1560 1443 1629 martyres
1466 1595 1482 1624 ‚
1518 1551 1617 1630 qui
1642 1549 1798 1608 idola
1830 1549 2019 1609 colere
2039 1593 2057 1623 ‚
2093 1558 2195 1606 aut

84 1643 342 1701 arianam
377 1641 590 1703 aliasve
618 1642 868 1702 haereses
906 1644 1205 1725 profiteri,
1236 1664 1398 1702 secus
1424 1664 1490 1702 ac
1520 1642 1903 1725 postulabant
1928 1643 2195 1724 Impera-

85 1749 278 1796 torum
315 1736 501 1795 edicta
521 1781 539 1811 ‚
563 1736 985 1797 detrectabant.
1014 1739 1132 1796 Nec
1158 1759 1299 1797 vero
1329 1739 1566 1819 aequiori
1582 1742 1716 1814 jure
1745 1737 2042 1818 Principes
2073 1756 2196 1795 aca-

84 1831 282 1891 tholici
310 1831 634 1891 Catholicos
668 1833 729 1890 in
754 1833 1026 1913 praesenti
1042 1833 1233 1913 poenis
1253 1832 1517 1890 afficiunt
1537 1878 1553 1906 ‚
1599 1853 1774 1913 quam
1804 1830 1946 1888 olim
1976 1829 2196 1889 ethnici

84 1938 143 1986 et
169 1927 419 1987 haeretici
445 1929 508 1986 in
537 1926 878 1986 christianos
904 1939 963 1986 et
991 1927 1302 1987 catholicos
1337 1927 1629 2009 suppliciis
1657 1926 1931 1986 adhibitis
1959 1925 2195 1986 desaevi-

83 2034 238 2082 rent.
275 2025 384 2081 Par
413 2021 719 2104 utrobique
753 2023 900 2081 ratio
938 2023 1177 2082 omnino
1211 2034 1332 2096 est,
1372 2044 1506 2081 cum
1540 2015 1850 2103 utrobique
1874 2031 2088 2101 'agatur
2118 2020 2194 2080 de

83 2116 351 2177 libertate
386 2116 751 2176 conscientiae
786 2117 1023 2176 tuenda.

163 2211 302 2270 327.
352 2212 440 2271 Ad
470 2213 586 2288 5¹1¹,
622 2214 779 2271 Dist.
818 2213 877 2271 Si
912 2213 1189 2293 Princeps
1225 2234 1347 2271 non
1373 2211 1890 2294 praetergrediatur
1929 2233 2044 2272 suae
2082 2233 2196 2294 po·

83 2307 306 2365 testatis
337 2306 580 2376 limites,
626 2317 822 2366 trans,
868 2307 963 2368 vel
999 2328 1160 2366 conc.
1172 2332 1192 2374 ,·
1234 2309 1282 2379 si
1317 2329 1414 2366 eos
1449 2306 1993 2388 praetergrediatur,
2024 2317 2090 2365 ut
2131 2307 2195 2367 in

85 2421 217 2458 casu
248 2412 448 2459 nostro
468 2445 484 2474 ,
516 2423 643 2480 neq.
665 2401 975 2478 Objectum
1003 2401 1185 2475 enim,
1204 2402 1276 2459 de
1300 2423 1415 2481 quo
1439 2412 1789 2482 praesentem
1815 2402 2197 2482 quaestionem

84 2495 475 2570 instituimus,
510 2508 598 2556 est
632 2517 791 2554 mere
821 2496 1154 2575 spirituale,
1190 2508 1367 2577 atque
1408 2495 1553 2554 adeo
1589 2495 1846 2554 alienum
1884 2512 2120 2577 prorsus
2160 2517 2195 2555 a

90 2602 374 2672 potestate
405 2589 664 2673 politica.
697 2590 967 2673 Alioquin
1002 2591 1046 2649 si
1075 2591 1372 2673 Principes
1396 2590 1699 2652 acatholici
1729 2612 1930 2671 cogere
1957 2601 2196 2673 possent

88 2686 421 2745 Sacerdotes
461 2685 767 2745 catholicos
803 2686 878 2745 ad
903 2686 1358 2769 impertiendam
1389 2686 1650 2746 illicitam
1682 2686 2154 2748 benedictionem
2173 2732 2191 2763 ‚

66 2785 189 2840 'seu
207 2823 228 2851 ,
261 2779 421 2861 quod
445 2781 600 2840 idem
632 2793 719 2840 est
734 2825 756 2855 ,
789 2781 862 2840 ad
889 2780 1192 2862 probanda
1225 2782 1484 2861 conjugia
1503 2827 1519 2858 .,
1551 2803 1679 2864 quae
1715 2781 1959 2842 Ecclesia
1993 2782 2196 2843 innixa

83 2875 200 2951 juri
227 2874 424 2934 divino
454 2888 512 2934 et
539 2875 791 2936 naturali
813 2877 1137 2936 detestatur
1156 2923 1173 2951 ,
1203 2889 1440 2960 possent
1462 2877 1668 2938 eodem
1682 2881 1814 2956 jure
1842 2887 2196 2959 potestatem

91 2989 353 3029 exercere
375 2971 435 3028 in
456 2973 826 3031 Sacramenta
849 2973 1071 3054 reliqua
1093 2972 1182 3052 (l)
1204 3019 1219 3048 ,
1247 2974 1308 3031 in
1342 2973 1616 3032 verita-tes
1650 2971 2003 3052 dogmaticas
2025 3017 2040 3045 ,
2066 2991 2195 3053 quae

90 3062 226 3144 ipsis
249 3085 369 3123 non
393 3064 716 3146 probantur
740 3111 756 3142 ,
783 3078 843 3126 et
861 3079 929 3126 ut
950 3090 1072 3128 uno
1106 3067 1288 3130 verbo
1319 3067 1672 3150 complectar
1697 3068 1894 3126 omnia
1911 3112 1926 3141 7
1961 3066 2193 3149 profani

163 3249 229 3312 (l)
269 3249 337 3299 Ne
379 3251 537 3300 videar
584 3262 660 3304 aut
703 3256 979 3320 conjecturis
1025 3267 1103 3305 aut
1184 3257 1349 3307 Sedem
1379 3256 1686 3323 Apostolicam
1711 3273 1756 3305 se
1775 3267 2044 3307 convertant
2069 3295 2082 3320 ,
2118 3277 2193 3308 re-

96 3331 433 3395 suspicionibus
462 3333 697 3398 indulgere
715 3373 728 3395 ,
756 3336 815 3384 ob
848 3338 1002 3385 oculos
1020 3356 1103 3403 po·
1185 3342 1428 3404 sponsione
1449 3340 1575 3387 nulla
1593 3350 1821 3404 expectata
1851 3378 1864 3399 ‚
1901 3342 2126 3390 immiscet
2144 3359 2193 3390 so

99 3429 207 3459 nam
246 3414 519 3478 particulam
553 3416 751 3481 epistolae
776 3454 789 3478 ‚
818 3436 957 3484 quam
974 3419 1101 3469 Frid.
1186 3423 1239 3469 iis
1265 3422 1399 3471 rebus
1422 3459 1435 3482 ,
1465 3437 1566 3487 quae
1606 3425 1655 3470 in
1686 3432 1781 3472 tota
1827 3424 2047 3489 religione
2089 3442 2194 3472 san-

99 3492 372 3542 Guillelmus
401 3495 457 3543 ad
488 3507 682 3561 quatuor
706 3497 953 3565 Episcopos
978 3501 1107 3550 dedit
1188 3506 1398 3553 ctissimae
1423 3514 1530 3553 sunt
1556 3542 1569 3564 ,
1604 3508 1785 3555 secretis
1833 3507 2006 3555 scilicet
2024 3521 2193 3554 'saecrae

96 3576 171 3624 die
196 3574 260 3624 28
288 3576 423 3626 Febr.
477 3576 605 3627 1828
623 3616 636 3640 ,
665 3596 763 3646 ⁴qua
800 3597 875 3629 rex
902 3599 1102 3648 evanqe-
1187 3587 1495 3636 Confessionis
1523 3589 1716 3637 arcanis.
1753 3586 1826 3636 En
1849 3584 1949 3654 ejus
1993 3584 2193 3637 verba...

96 3657 247 3720 licus,
274 3658 386 3708 dum
401 3661 463 3709 eis
480 3660 743 3712 facultatem
777 3663 925 3727 facit,
956 3675 1007 3713 ut
1043 3667 1100 3718 ad
1189 3667 1503 3740 Cepemlant,
1533 3684 1662 3734 pour
1695 3667 1870 3718 calmer
1886 3685 1964 3718 vos
1991 3685 2194 3735 scrupu-
