2508 4120
320 94 439 154 258
488 110 503 125 ·
949 103 1279 144 mmm-rus
1324 106 1394 142 mi
1439 105 1832 147 nunmomo.

1119 261 1530 316 PROPOSITIO
1578 265 1671 316 111.

373 453 849 515 Matrimonium
901 459 1138 517 ratum,
1193 469 1314 507 non
1364 460 1856 508 consummatam
1881 497 1897 520 ,
1938 472 2058 530 per
2099 455 2409 516 solemnem

466 549 803 629 Reliqionis
821 548 1255 626 professionem
1298 550 1552 605 alterius
1583 550 1919 627 conjuqum
1941 548 2285 610 dirimitur.

410 741 547 802 107.
582 741 718 799 Haec
747 739 1066 820 propositio
1095 738 1167 798 de
1183 737 1297 798 fide
1331 750 1419 798 est
1442 743 1609 817 juxta
1641 740 2003 799 sanctionem
2029 740 2268 800 Concilii
2293 742 2450 803 Trid.

325 860 465 899 seSS.
500 836 598 896 cit.
635 857 764 894 can.
802 836 876 893 VI
914 857 928 892 ε
963 836 1036 894 Si
1061 840 1200 914 quis
1241 836 1470 894 disserit
1498 880 1513 910 ,
1552 840 2020 895 Matrimonium
2048 847 2256 896 ratum
2270 882 2291 909 ‚
2330 859 2452 898 non

320 942 811 995 oonsummatum
838 978 855 1000 ,
889 953 1003 1011 per
1041 933 1356 990 solemnem
1401 934 1702 1011 religionis
1732 936 2164 1012 professionem
2205 935 2460 994 alterius

322 1036 652 1111 oonjvynm
676 1049 797 1087 non
821 1029 1072 1095 dirimi,
1102 1029 1430 1087 anathema
1451 1033 1548 1087 sit.
1588 1031 1672 1088 Ita
1707 1051 1845 1089 vero
1873 1034 1995 1106 ejus
2036 1029 2457 1090 veritatemad·

323 1127 653 1188 struimus-z
687 1123 935 1183 Ecclesia
958 1168 974 1199 .,
1009 1124 1357 1185 auctoritate
1395 1124 1506 1184 sibi
1542 1125 1826 1185 divinitus
1871 1126 2086 1185 tradita
2114 1172 2130 1202 7
2177 1137 2242 1186 ut
2284 1126 2458 1210 paulo

324 1236 462 1309 post
478 1220 859 1283 ostendemus
881 1268 896 1297 a
926 1221 1120 1303 potuit
1147 1224 1475 1281 contractui
1508 1222 1795 1303 conjugali
1818 1222 2134 1282 nonnullas
2161 1223 2459 1283 conditio-

324 1344 430 1382 nes
457 1339 755 1402 apponere
775 1363 791 1392 a
829 1328 897 1376 ut
934 1316 1125 1377 valeat
1149 1339 1253 1377 seu
1282 1318 1538 1399 legitime
1574 1318 1983 1394 contrahatur3
2021 1340 2156 1400 ergo
2176 1331 2235 1379 et
2255 1319 2461 1379 eadem

324 1416 668 1478 auctoritate
706 1414 903 1496 potuit
944 1412 1137 1472 eidem
1170 1416 1493 1473 contractui
1528 1420 1654 1493 jam
1694 1416 1840 1474 inito
1881 1415 2247 1475 conditiones
2279 1438 2459 1498 appo·

324 1536 468 1574 nere
492 1559 508 1588 ,
538 1523 605 1571 ut
648 1513 852 1570 firmus
895 1510 1173 1569 consistat
1200 1510 1295 1570 vel
1330 1510 1699 1572 dissolvatur.

410 1608 548 1668 108.
600 1606 859 1666 Potuisse
901 1617 1098 1664 autem
1140 1606 1453 1664 Ecclesiam
1490 1606 1641 1665 hanc
1675 1607 2076 1666 conditionem
2096 1612 2266 1685 juxta
2306 1606 2461 1667 divi-

325 1727 468 1765 nam
518 1702 629 1763 sihi
673 1702 885 1761 factam
941 1712 1294 1783 potestatem
1346 1724 1679 1784 apponere7
1738 1714 1804 1761 ut
1854 1703 2114 1762 solvatur
2158 1701 2461 1762 vinculum

325 1798 627 1878 conjugale
673 1797 1027 1858 Matrimonii
1058 1798 1170 1856 rati
1212 1807 1272 1857 et
1308 1819 1430 1857 non
1462 1799 1893 1875 consummati,
1931 1798 1980 1857 si
2021 1796 2275 1858 voluerit
2313 1797 2461 1858 alter

323 1900 644 1975 conjugum
678 1893 1087 1974 perfectiorem
1132 1895 1315 1953 vitam
1339 1893 1614 1976 amplecti
1649 1916 1755 1976 per
1796 1895 2124 1955 solemnem
2168 1894 2461 1974 religionis

326 1990 785 2075 professionem,
825 2000 1055 2048 constat
1091 2011 1162 2049 ex
1212 1991 1380 2050 fact0.
1429 1992 1715 2052 Universa
1757 1992 1916 2051 enim
1958 1990 2206 2050 Ecclesia
2244 2011 2462 2072 appro-

325 2087 526 2162 bante,
565 2086 942 2145 Innocentius
971 2086 1050 2144 III
1072 2086 1135 2143 in
1160 2107 1286 2167 cap.
1312 2087 1415 2146 Ea*
1439 2099 1640 2165 parte,
1657 2090 1747 2147 De
1774 2091 2149 2147 conversione
2173 2091 2462 2166 conjuga·

326 2194 530 2242 torum
574 2183 699 2259 (l),
731 2191 791 2239 et
828 2192 967 2239 ante
992 2182 1186 2261 ipsum
1213 2181 1547 2241 Alexander
1579 2184 1848 2242 similiter
1882 2184 1958 2241 ΙΙΙ
1983 2228 1998 2256 ,
2039 2183 2101 2239 in
2138 2183 2314 2240 Conc.
2351 2183 2461 2239 La·-

329 2277 627 2338 teranensi
658 2276 735 2334 111
754 2319 770 2349 ,
816 2276 975 2357 quod
1005 2275 1366 2335 celebratum
1391 2290 1480 2336 est
1504 2300 1663 2337 anno
1697 2279 1875 2354 1179,
1910 2299 2035 2359 cap.
2086 2278 2309 2338 Ver-um
2335 2276 2423 2356 (2)
2444 2321 2460 2351 ,

328 2384 389 2434 et
420 2394 547 2454 cap.
595 2372 699 2431 Ea·
733 2373 988 2454 publico
1027 2371 1135 2433 sub
1172 2373 1381 2432 eodem
1421 2374 1595 2433 titulo
1631 2375 1724 2455 (3)
1748 2420 1763 2449 a
1808 2397 1931 2433 non
1971 2371 2161 2432 solum
2201 2372 2464 2432 declara-

329 2481 511 2545 runt,
551 2466 614 2525 id
633 2467 758 2527 fieri
786 2466 941 2527 licite
973 2489 1136 2548 posse
1161 2514 1176 2542 7
1205 2468 1311 2529 sed
1338 2480 1620 2551 praeterea
1652 2482 1711 2530 et
1733 2468 2004 2551 exemplo
2034 2473 2381 2528 Sanctorum
2403 2466 2465 2527 id

327 2566 800 2647 confirmarunt,
832 2585 896 2623 ac
940 2563 1119 2624 verba
1160 2565 1374 2624 Christi
1406 2589 1419 2625 :
1451 2567 1595 2627 Non
1649 2568 1790 2626 licet
1818 2569 1947 2625 viro
1997 2586 2247 2624 uxorem
2284 2585 2462 2623 suam

330 2664 457 2719 nisi
480 2662 907 2738 fornicationis
936 2682 1126 2719 cansa
1165 2663 1500 2734 dimittere,
1535 2662 1610 2722 de
1643 2662 2015 2722 M'atrimon'io
2056 2667 2459 2718 consummato

330 2754 581 2834 intelligi
625 2754 839 2815 debere
887 2755 1280 2815 affirmarunt.
1337 2759 1527 2815 Ceteri
1570 2756 1992 2838 subsequentes
2045 2754 2347 2813 Pontifices
2397 2752 2459 2811 id

331 2852 526 2934 ipsum
561 2861 899 2909 constanter
925 2849 1270 2909 docuerunt.
1315 2851 1429 2910 Sed
1467 2864 1526 2911 et
1547 2864 1685 2911 ante
1712 2851 1974 2909 laudatos
2007 2850 2311 2909 Pontifices
2337 2871 2458 2908 non

335 2945 578 3006 obscura
602 2957 927 3028 suppetunt
969 2951 1304 3005 sanc'torum
1327 2950 1567 3006 Patrum
1605 2947 1776 3007 effata
1811 2958 1871 3005 et
1892 2949 2239 3006 Sanctorum
2268 2967 2461 3006 exem·

332 3042 434 3125 pla
466 3065 498 3101 a
536 3041 890 3102 Bellarmino
926 3042 1167 3102 collecta
1190 3042 1280 3124 (4)
1306 3089 1322 3119 ,
1350 3063 1476 3125 quae
1508 3044 1556 3101 si
1587 3065 1712 3102 rem
1746 3042 1921 3124 plane
1951 3065 2073 3101 non
2107 3042 2421 3101 conficiunt
2441 3085 2457 3115 ,

334 3138 655 3200 ostendunt
677 3151 876 3198 tamen
903 3139 1163 3199 Ecclesiae
1191 3141 1464 3222 spiritum
1483 3186 1498 3216 ,
1524 3152 1582 3199 et
1605 3140 1778 3219 hujus
1809 3139 2095 3221 dogmatis
2128 3149 2367 3220 germen
2396 3138 2458 3197 in

335 3235 652 3296 traditione
673 3280 689 3311 a
724 3254 851 3317 quae
881 3247 1080 3316 postea
1107 3236 1341 3296 evoluta
1369 3248 1477 3296 est.
1506 3238 1684 3296 Porro
1702 3241 1877 3316 juxta
1906 3237 2237 3295 notissimas
2264 3237 2320 3294 S.
2341 3236 2459 3293 Au-

407 3453 468 3516 (1)
506 3452 640 3518 Apud
665 3453 929 3517 Pithoeum‚
955 3472 1032 3521 op.
1062 3456 1146 3506 cit.
1169 3465 1277 3503 tom.
1296 3471 1349 3515 ιι,
1504 3454 1575 3518 (3)
1616 3455 1737 3503 lbid.

337 3552 388 3600 p.
419 3532 531 3599 ¹75·
1508 3538 1574 3601 (lo)
1612 3536 1693 3585 De
1722 3535 1983 3586 Monac-his
2001 3573 2014 3598 ,
2040 3536 2126 3585 lib.
2158 3551 2192 3583 11
2213 3571 2226 3595 ‚
2251 3550 2348 3598 cap.
2371 3531 2456 3585 38.

408 3617 474 3683 (2)
510 3618 633 3668 lbid.
662 3636 707 3684 p.
739 3619 844 3686 174.
