2508 4120
2110 147 2230 206 269

540 172 664 210 GAP.
710 170 774 208 ΙΙ.
821 170 891 207 DE
934 164 1273 207 MATRIMONII
1317 165 1796 206 PROPRIETATIBUS.

180 314 342 374 2133.
376 312 650 373 Addimus
671 356 687 387 a
708 311 1057 371 contrariam
1074 309 1425 370 sententiam
1442 309 1784 369 latissimam
1802 307 2058 391 pandere
2074 310 2229 371 viam
2307 347 2310 351 ι

120 410 423 473 adulteriis
464 420 523 468 et
565 405 988 466 connubiorum
1016 404 1299 464 facillimis
1337 404 1830 466 dissolutionibus
1873 407 2026 479 Quos
2070 406 2233 466 enim.

124 489 439 584 conjugalis
475 501 606 561 initi
638 500 870 561 foederis
905 499 1255 581 poeniteret,
1289 500 1543 581 novique
1581 500 1839 559 facillimi
1866 522 2090 562 amores
2113 502 2231 561 im·

121 600 406 682 plicarent
428 644 443 674 a
494 597 583 656 illi
622 594 1135 678 praesentissimum
1187 594 1514 653 remedium
1561 593 1887 669 haberent3
1934 595 2029 685 vel
2070 597 2227 657 enim

121 694 471 753 adulterium
497 691 604 750 sibi
628 690 1061 773 permitterent,
1088 709 1203 770 quo
1225 688 1483 748 invisum
1504 690 1838 768 conjugium
1865 689 2231 774 disrumpere

124 790 358 863 liceret,
387 787 483 847 vel
503 786 707 846 saltem
740 783 935 867 (quod
968 782 1115 842 solet
1139 783 1295 865 apud
1316 781 1700 842 heterodoxos
1731 784 2057 845 identidem
2091 807 2230 849 eve-

127 884 294 962 nire)
344 883 699 942 occasionem
737 880 1096 963 arriperent,
1132 888 1196 936 ut
1238 877 1551 938 levioribus
1592 880 1934 956 conjecturis
1979 882 2229 962 permoti

126 977 237 1037 sibi
257 978 513 1037 invicem
549 977 772 1035 crimen
801 973 946 1032 illud
982 974 1414 1054 impingerent„
1452 991 1567 1055 quo
1600 973 1818 1033 facilius
1848 973 1923 1033 ad
1953 974 2061 1034 alia
2092 988 2229 1037 vota
2262 1000 2266 1003 *

126 1073 466 1131 transirent.
495 1072 617 1130 Hoc
640 1069 878 1128 demum
903 1067 1085 1126 fassus
1103 1079 1190 1127 est
1208 1077 1536 1149 protestans
1563 1069 1810 1150 scriptor
1837 1068 2227 1150 ephemeridis

121 1166 588 1246 Edimburgensis
607 1210 624 1239 .,
660 1164 759 1246 qui
799 1162 890 1226 vel
920 1176 988 1222 eo
1025 1163 1262 1223 nomine
1282 1184 1652 1244 summopere
1681 1164 2054 1224 commendat
2086 1166 2229 1226 suis-

116 1282 229 1341 que
268 1260 663 1319 meditandam
694 1258 971 1340 proponit
1006 1257 1352 1338 encyclicam
1380 1258 1463 1318 Pii
1488 1260 1652 1333 V1112
1688 1258 1751 1318 in
1786 1281 1851 1319 ea
1886 1272 2077 1341 parte,
2109 1283 2230 1343 quav

115 1356 386 1414 Summus
406 1355 498 1413 hic
523 1354 789 1413 Pontifex
824 1352 1091 1412 hortatur
1106 1354 1415 1435 Episcopos
1447 1365 1506 1413 et
1533 1354 1773 1429 clerum,
1805 1367 1872 1414 ut
1911 1357 2224 1437 invigilent

113 1471 289 1532 super
309 1450 632 1509 doctrinam
663 1447 1003 1508 catholicam
1024 1448 1098 1507 de
1121 1447 1624 1526 indissolubilitate
1650 1451 2007 1511 Matrimonii
2039 1452 2151 1533 (l).

182 1653 248 1747 (1)
271 1683 369 1732 Cfr.
390 1680 655 1732 Memoria!
677 1638 955 1746 camelique,
969 1680 1112 1730 Janv.
1199 1696 1369 1744 moyen
1405 1679 1462 1727 de
1489 1678 1808 1746 s’affranchir.
1833 1700 1861 1728 ³»
1895 1678 2128 1747 Esslinger
2171 1684 2224 1732 in

121 1761 277 1823 1830,
319 1761 374 1810 V
371 1765 542 1811 arietes
563 1800 575 1823 ‚
608 1764 689 1811 ubi
723 1764 886 1829 legitur
916 1781 929 1811 :
969 1761 1028 1810 V
1021 1764 1116 1827 cipi
1203 1779 1363 1826 opusc.
1394 1772 1438 1810 et
1465 1762 1556 1810 loc.
1606 1765 1686 1811 cit.
1723 1762 1988 1829 Apoloqie²
2019 1775 2108 1814 etc.
2142 1765 2225 1814 ad-

113 1861 206 1891 ame
223 1844 451 1910 refleoeion
465 1844 808 1908 remarquable‚
825 1846 1120 1910 qu’unJ'our-

113 1925 469 1991 nalprotestant
488 1924 837 1990 d'Edimbourq
848 1927 946 1990 fait
959 1927 989 1973 ὰ
1003 1924 1117 1973 Ιόο-

113 2005 276 2054 cesion
291 2006 348 2054 de
375 2006 421 2053 la
441 2005 568 2054 lettre
592 2005 864 2072 encyclique
880 2006 946 2053 du
960 2004 1121 2054 Saint-

111 2084 232 2134 Pere
261 2087 355 2151 (Pie
371 2090 485 2151 vni)
520 2106 532 2138 ε
556 2110 585 2131 ·«
608 2089 677 2136 Le
690 2105 817 2154 pape
844 2088 1032 2136 eoehorte
1056 2086 1120 2136 les

61 2214 63 2218 ,
110 2170 302 2233 &oeque-5
326 2177 371 2216 et
385 2167 426 2217 le
442 2168 588 2234 cler-qe
610 2171 641 2218 ὰ
668 2169 920 2234 inculquer
945 2171 976 2218 ὰ
995 2168 1133 2218 leurs?

110 2258 372 2316 troupeaux
404 2250 451 2300 la
486 2251 700 2300 doctrine
737 2250 1002 2316 catholique
1036 2268 1122 2299 sur

111 2329 509 2380 l'indisaeolubilite
524 2333 591 2381 du
610 2331 709 2380 lien
732 2333 838 2398 conj
846 2331 976 2397 uqal.
996 2331 1123 2380 C’ese

113 2410 160 2458 la
179 2414 339 2476 partie
362 2412 411 2460 la
433 2413 546 2478 plus
572 2417 728 2461 semea
757 2414 814 2461 de
839 2414 886 2462 la
904 2414 1032 2462 lettre
1065 2414 1123 2462 cle

115 2493 181 2539 Sa
207 2491 419 2540 Saintete
436 2529 450 2553 ‚
470 2501 515 2541 et
529 2493 608 2540 elle
622 2496 785 2542 merite
809 2511 899 2558 que
913 2493 977 2541 les
994 2494 1122 2542 Pro-

112 2582 307 2621 testams
345 2576 481 2622 aras-si
521 2574 629 2622 bien
684 2591 773 2639 que
804 2573 868 2621 les
890 2573 1121 2622 sCatholi-

112 2674 225 2722 ques
251 2657 296 2706 la
337 2657 564 2705 meditent
586 2661 936 2706 sericusement.
986 2657 1124 2706 Dans

111 2750 244 2788 notre
279 2757 405 2805 pays
428 2777 440 2795 ,
485 2739 730 2804 lorsqu'un
774 2740 902 2787 mari
929 2757 988 2787 ne
1015 2732 1131 2788 veut*

108 2820 220 2887 plus
246 2821 302 2869 de
329 2838 383 2869 sa
404 2822 578 2886 femme
609 2859 622 2880 ‚
662 2837 723 2868 ou
749 2820 924 2885 qu’une
948 2821 1123 2885 semme

117 2918 177 2950 ne
210 2911 318 2951 veut
345 2902 459 2969 plue
487 2903 542 2949 de
570 2918 655 2952 son
693 2905 823 2951 mari
843 2940 857 2964 ,
892 2902 953 2950 ils
984 2901 1124 2951 n'ont

115 2982 224 3046 qu’d
261 3001 307 3030 se
337 2984 465 3048 faire
495 2985 782 3050 surprendre
825 3001 886 3032 en
910 2985 1125 3050 flaqrant

119 3064 329 3113 adultere
351 3103 363 3127 ,
383 3082 513 3132 pour
543 3083 591 3114 se
617 3054 887 3114 'soustraire
924 3068 1122 3131 aujouq

120 3147 340 3213 conju-qa!
359 3185 372 3207 ,
399 3157 443 3196 et
464 3165 592 3214 pom·
607 3147 789 3212 former
809 3164 905 3196 une
946 3147 1123 3196 liaison

122 3231 209 3293 qui
230 3228 331 3275 leur
354 3231 573 3277 convient
603 3231 785 3278 mieux.
821 3228 874 3276 Il
890 3238 1008 3294 peut
1027 3233 1122 3277 ecre

109 3313 242 3377 juste
256 3317 300 3357 et
313 3309 615 3359 raisonnable
633 3310 689 3358 de
712 3309 880 3358 liberer
894 3309 942 3357 la
954 3313 1121 3375 partie

123 3394 318 3459 offensee
358 3390 478 3439 d'un
515 3401 820 3458 enqaqemem
862 3393 948 3456 qui
984 3409 1013 3438 a
1052 3396 1121 3440 ete

122 3474 241 3523 viole
283 3483 327 3522 et
356 3473 609 3522 deshonore
643 3491 740 3540 par
771 3472 942 3522 l’autre
960 3475 1119 3539 partie

120 3564 439 3605 contractame
454 3572 476 3617 ,·
499 3557 623 3604 mais
664 3555 705 3604 il
733 3563 799 3603 est
838 3554 1042 3603 absurde
1080 3566 1123 3604 et

1206 1844 1332 1893 ducit
1361 1855 1567 1894 auctores
1598 1844 1900 1894 protestantes
1927 1850 2219 1908 recentiores,

1204 1926 1464 1991 cujusmodi
1508 1928 1629 1974 inter
1663 1938 1837 1975 ceteros
1875 1939 1983 1976 sunt
2020 1927 2182 1994 Meyer
2204 1967 2221 1994 ,

1207 2006 1397 2072 Morgan
1416 2045 1428 2067 ,
1464 2018 1553 2057 etc.
1581 2012 1660 2074 qui
1679 2020 1837 2073 'aperte
1865 2010 2087 2073 fatentur,
2116 2014 2220 2060 vin-

1206 2090 1363 2138 culum
1395 2091 1634 2156 conjugale
1656 2127 1668 2148 ‚
1698 2094 1837 2139 etiam
1866 2094 1917 2140 in
1952 2110 2061 2141 casu
2082 2093 2222 2142 adul-

1206 2174 1339 2230 terii,
1379 2175 1510 2238 juxta
1540 2172 1710 2221 Christi
1744 2173 1883 2222 verba
1916 2193 2009 2224 esse
2038 2194 2221 2242 prorsus

1205 2254 1524 2303 indissolubile
1546 2292 1558 2314 ‚
1580 2265 1631 2303 ut
1658 2256 1896 2320 profitetur
1910 2246 2110 2307 Ecclesia
2139 2276 2220 2308 ca-

1206 2335 1391 2384 tholica.
1413 2334 1629 2384 Attamen
1645 2339 1953 2387 ministerium
1978 2339 2216 2403 Borussiae,

1208 2428 1257 2465 ut
1286 2418 1455 2465 alliciat
1484 2416 1742 2465 Catholicos
1770 2419 1830 2465 ad
1855 2436 2024 2467 novam
2060 2420 2222 2470 Eccle-

1207 2500 1320 2545 siam
1338 2496 1644 2560 evangelicam
1667 2499 1863 2563 (nempe
1880 2499 2067 2548 Sectam
2091 2503 2222 2550 anti·-

1206 2577 1525 2641 eoanqele'cam
1577 2596 1657 2627 seu
1697 2576 2220 2631 Lutkerano-Calvini-

1206 2660 1405 2723 sticum)
1426 2695 1440 2714 ‚
1463 2661 1582 2708 inter
1605 2670 1750 2709 cetera
1766 2678 1871 2728 quae
1890 2666 2103 2730 proponit
2120 2683 2220 2715 mo·-

1207 2743 1298 2789 tiva
1316 2778 1329 2800 ‚
1359 2741 1527 2806 quibus
1547 2746 1798 2806 permoveri
1819 2744 1957 2793 debet
1971 2746 2221 2797 catholicus

1206 2823 1266 2870 ad
1288 2823 1591 2872 obtinendam
1621 2825 1993 2876 benedictionem
2033 2834 2221 2896 nuptia-

1206 2905 1295 2954 lem
1327 2923 1353 2953 a
1400 2908 1608 2955 ministro
1646 2919 1922 2972 protestante
1946 2948 1959 2970 ‚
1995 2911 2111 2960 illud
2148 2931 2222 2963 re·-

1206 2996 1394 3049 censet,
1417 2988 1543 3053 quod
1571 2989 1658 3037 hac
1670 2992 1846 3039 ratione
1873 2994 1915 3040 ei
1940 2991 2120 3040 licitum
2135 2995 2213 3054 sit,

1206 3069 1596 3135 quandocumque
1615 3070 1801 3120 libuerit
1826 3109 1840 3132 ‚
1858 3073 2103 3142 dissolvere
2119 3076 2214 3138 pri-

1207 3168 1337 3198 mum
1370 3154 1640 3217 conjugium
1675 3171 1730 3202 ac
1754 3171 1927 3201 novum
1959 3154 2213 3207 inire.Cf1-.

1206 3230 1395 3280 L'Ami
1422 3231 1479 3281 de
1520 3232 1567 3281 la
1613 3234 1766 3298 Reliq.
1796 3250 1858 3281 20
1890 3234 2011 3283 Mars
2063 3232 2210 3287 1838.

1205 3313 1327 3362 Sane
1372 3330 1495 3363 anno
1549 3325 1752 3364 vertente
1796 3312 1919 3378 1837
1960 3316 2212 3366 tribunalia

1204 3395 1438 3444 Borussica
1482 3397 1778 3449 decreverunt
1835 3395 1959 3463 2391
2018 3398 2211 3449 divortia

1202 3496 1254 3527 ex
1272 3475 1404 3527 3888
1432 3476 1749 3543 petitionibus.
1770 3476 1823 3524 In
1839 3476 2002 3543 Anglia
2032 3483 2211 3530 nonita

1204 3560 1383 3625 pridem
1401 3559 1592 3626 quidam
1610 3595 1623 3620 ,
1657 3559 1769 3607 fune
1786 3559 1845 3607 ad
1867 3559 2038 3609 collum
2052 3564 2208 3612 uxoris

110 3639 226 3705 plus
257 3637 538 3704 qu'absurde
563 3637 621 3687 de
642 3637 770 3702 faire
796 3637 864 3687 du
880 3639 1026 3687 crime
1058 3655 1129 3687 tm
1210 3658 1301 3690 suae
1317 3641 1528 3706 alligato,
1549 3657 1652 3691 eam
1681 3640 1969 3692 vendendam
2001 3642 2061 3692 ad
2076 3632 2207 3691 'mer-
