<?xml version="1.0" encoding="UTF-8"?>
<!DOCTYPE html PUBLIC "-//W3C//DTD XHTML 1.0 Transitional//EN"
    "http://www.w3.org/TR/xhtml1/DTD/xhtml1-transitional.dtd">
<html xmlns="http://www.w3.org/1999/xhtml" xml:lang="en" lang="en">
 <head>
  <title>
</title>
<meta http-equiv="Content-Type" content="text/html;charset=utf-8" />
  <meta name='ocr-system' content='tesseract 3.04.00' />
  <meta name='ocr-capabilities' content='ocr_page ocr_carea ocr_par ocr_line ocrx_word'/>
</head>
<body>
  <div class='ocr_page' id='page_1' title='image "a603693807perruoft_0318.png"; bbox 0 0 2508 4120; ppageno 0'>
   <div class='ocr_carea' id='block_1_1' title="bbox 294 106 411 165">
    <p class='ocr_par' dir='ltr' id='par_1_1' title="bbox 294 106 411 165">
     <span class='ocr_line' id='line_1_1' title="bbox 294 106 411 165; baseline -0.017 0"><span class='ocrx_word' id='word_1_1' title='bbox 294 106 411 165; x_wconf 90' lang='lat'><em>310</em></span> 
     </span>
    </p>
   </div>
   <div class='ocr_carea' id='block_1_2' title="bbox 929 120 1253 159">
    <p class='ocr_par' dir='ltr' id='par_1_2' title="bbox 929 120 1253 159">
     <span class='ocr_line' id='line_1_2' title="bbox 929 120 1253 159; baseline -0.003 -1"><span class='ocrx_word' id='word_1_2' title='bbox 929 120 1253 159; x_wconf 74' lang='lat' dir='ltr'>TRACTATUS</span> 
     </span>
    </p>
   </div>
   <div class='ocr_carea' id='block_1_3' title="bbox 1299 118 1792 159">
    <p class='ocr_par' dir='ltr' id='par_1_3' title="bbox 1299 118 1792 159">
     <span class='ocr_line' id='line_1_3' title="bbox 1299 118 1792 159; baseline 0.008 -4"><span class='ocrx_word' id='word_1_3' title='bbox 1299 121 1366 156; x_wconf 80' lang='grc' dir='ltr'><em>ΒΕ</em></span> <span class='ocrx_word' id='word_1_4' title='bbox 1411 118 1792 159; x_wconf 73' lang='lat' dir='ltr'><em>MA&#39;rnmomo.</em></span> 
     </span>
    </p>
   </div>
   <div class='ocr_carea' id='block_1_4' title="bbox 274 263 2429 821">
    <p class='ocr_par' dir='ltr' id='par_1_4' title="bbox 274 263 2429 821">
     <span class='ocr_line' id='line_1_4' title="bbox 274 263 2423 348; baseline -0.002 -21"><span class='ocrx_word' id='word_1_5' title='bbox 274 274 391 348; x_wconf 80' lang='lat' dir='ltr'><em>jus</em></span> <span class='ocrx_word' id='word_1_6' title='bbox 430 265 721 324; x_wconf 72' lang='lat' dir='ltr'><em>attribuit</em></span> <span class='ocrx_word' id='word_1_7' title='bbox 754 266 873 321; x_wconf 85' lang='lat' dir='ltr'><em>sive</em></span> <span class='ocrx_word' id='word_1_8' title='bbox 905 263 1190 321; x_wconf 88' lang='lat' dir='ltr'><em>abolendi</em></span> <span class='ocrx_word' id='word_1_9' title='bbox 1229 266 1348 321; x_wconf 80' lang='lat' dir='ltr'><em>sive</em></span> <span class='ocrx_word' id='word_1_10' title='bbox 1378 263 1790 342; x_wconf 68' lang='lat' dir='ltr'><em>restringsendi</em></span> <span class='ocrx_word' id='word_1_11' title='bbox 1826 265 2255 342; x_wconf 78' lang='lat' dir='ltr'><em>impedimenta</em></span> <span class='ocrx_word' id='word_1_12' title='bbox 2296 265 2423 323; x_wconf 82' lang='lat' dir='ltr'><em>Ee·-</em></span> 
     </span>
     <span class='ocr_line' id='line_1_5' title="bbox 291 358 2423 440; baseline -0.003 -18"><span class='ocrx_word' id='word_1_13' title='bbox 291 366 476 423; x_wconf 81' lang='lat' dir='ltr'><em>clesioe</em></span> <span class='ocrx_word' id='word_1_14' title='bbox 520 361 874 417; x_wconf 78' lang='lat' dir='ltr'><em>auctoritate</em></span> <span class='ocrx_word' id='word_1_15' title='bbox 917 361 1237 418; x_wconf 81' lang='lat' dir='ltr'><em>constituta</em></span> <span class='ocrx_word' id='word_1_16' title='bbox 1294 359 1385 417; x_wconf 83' lang='lat' dir='ltr'><em>vel</em></span> <span class='ocrx_word' id='word_1_17' title='bbox 1431 358 1856 437; x_wconf 82' lang='lat' dir='ltr'><em>comprobata,</em></span> <span class='ocrx_word' id='word_1_18' title='bbox 1911 363 2052 416; x_wconf 88' lang='lat' dir='ltr'><em>item</em></span> <span class='ocrx_word' id='word_1_19' title='bbox 2097 381 2220 438; x_wconf 79' lang='lat' dir='ltr'><em>qua</em></span> <span class='ocrx_word' id='word_1_20' title='bbox 2244 370 2423 440; x_wconf 80' lang='lat' dir='ltr'><em>parte</em></span> 
     </span>
     <span class='ocr_line' id='line_1_6' title="bbox 290 455 2426 535; baseline -0.001 -18"><span class='ocrx_word' id='word_1_21' title='bbox 290 459 568 535; x_wconf 78' lang='lat' dir='ltr'><em>supponit</em></span> <span class='ocrx_word' id='word_1_22' title='bbox 589 455 932 513; x_wconf 84' lang='lat' dir='ltr'><em>Ecclesiam</em></span> <span class='ocrx_word' id='word_1_23' title='bbox 950 476 1071 534; x_wconf 80' lang='lat' dir='ltr'><em>per</em></span> <span class='ocrx_word' id='word_1_24' title='bbox 1078 464 1430 534; x_wconf 77' lang='lat' dir='ltr'><em>patestatem</em></span> <span class='ocrx_word' id='word_1_25' title='bbox 1451 455 1687 513; x_wconf 84' lang='lat' dir='ltr'><em>civilem</em></span> <span class='ocrx_word' id='word_1_26' title='bbox 1710 456 1970 533; x_wconf 74' lang='lat' dir='ltr'><em>spoliari</em></span> <span class='ocrx_word' id='word_1_27' title='bbox 1977 476 2145 533; x_wconf 78' lang='lat' dir='ltr'><em>passe</em></span> <span class='ocrx_word' id='word_1_28' title='bbox 2157 462 2300 530; x_wconf 76' lang='lat' dir='ltr'><em>jure</em></span> <span class='ocrx_word' id='word_1_29' title='bbox 2319 477 2426 515; x_wconf 84' lang='lat' dir='ltr'><em>suo</em></span> 
     </span>
     <span class='ocr_line' id='line_1_7' title="bbox 296 551 2428 629; baseline 0.001 -22"><span class='ocrx_word' id='word_1_30' title='bbox 296 551 700 629; x_wconf 79' lang='lat' dir='ltr'><em>dispensandi</em></span> <span class='ocrx_word' id='word_1_31' title='bbox 719 572 905 628; x_wconf 76' lang='lat' dir='ltr'><em>super</em></span> <span class='ocrx_word' id='word_1_32' title='bbox 923 551 1375 629; x_wconf 71' lang='lat' dir='ltr'><em>impedimentis</em></span> <span class='ocrx_word' id='word_1_33' title='bbox 1408 552 1487 608; x_wconf 89' lang='lat' dir='ltr'><em>ab</em></span> <span class='ocrx_word' id='word_1_34' title='bbox 1514 553 1651 629; x_wconf 78' lang='lat' dir='ltr'><em>ipsa</em></span> <span class='ocrx_word' id='word_1_35' title='bbox 1678 554 2016 608; x_wconf 78' lang='lat' dir='ltr'><em>constitutis</em></span> <span class='ocrx_word' id='word_1_36' title='bbox 2053 552 2142 608; x_wconf 83' lang='lat' dir='ltr'><em>vel</em></span> <span class='ocrx_word' id='word_1_37' title='bbox 2170 571 2428 629; x_wconf 82' lang='lat' dir='ltr'><em>compra-</em></span> 
     </span>
     <span class='ocr_line' id='line_1_8' title="bbox 294 643 2424 724; baseline 0 -20"><span class='ocrx_word' id='word_1_38' title='bbox 294 643 870 704; x_wconf 86' lang='lat' dir='ltr'><em>batis-—declaratur</em></span> <span class='ocrx_word' id='word_1_39' title='bbox 893 656 958 703; x_wconf 86' lang='lat' dir='ltr'><em>ut</em></span> <span class='ocrx_word' id='word_1_40' title='bbox 983 647 1280 705; x_wconf 75' lang='lat' dir='ltr'><em>libertatis</em></span> <span class='ocrx_word' id='word_1_41' title='bbox 1312 667 1383 703; x_wconf 87' lang='lat' dir='ltr'><em>ac</em></span> <span class='ocrx_word' id='word_1_42' title='bbox 1403 650 1712 724; x_wconf 75' lang='lat' dir='ltr'><em>potestatis</em></span> <span class='ocrx_word' id='word_1_43' title='bbox 1736 646 1795 705; x_wconf 92' lang='lat' dir='ltr'><em>E</em></span> <span class='ocrx_word' id='word_1_44' title='bbox 1798 648 2020 704; x_wconf 82' lang='lat' dir='ltr'><em>celesioe</em></span> <span class='ocrx_word' id='word_1_45' title='bbox 2043 647 2390 704; x_wconf 78' lang='lat' dir='ltr'><em>subversiva</em></span> <span class='ocrx_word' id='word_1_46' title='bbox 2406 691 2424 720; x_wconf 86' lang='lat'><strong>‚</strong></span> 
     </span>
     <span class='ocr_line' id='line_1_9' title="bbox 299 735 2429 821; baseline 0 -22"><span class='ocrx_word' id='word_1_47' title='bbox 299 735 656 799; x_wconf 78' lang='lat' dir='ltr'><em>Tridentino</em></span> <span class='ocrx_word' id='word_1_48' title='bbox 695 745 1045 817; x_wconf 85' lang='lat' dir='ltr'><em>contraria,</em></span> <span class='ocrx_word' id='word_1_49' title='bbox 1090 763 1164 800; x_wconf 79' lang='lat' dir='ltr'><em>ea·</em></span> <span class='ocrx_word' id='word_1_50' title='bbox 1204 742 1538 800; x_wconf 81' lang='lat' dir='ltr'><em>hoereticali</em></span> <span class='ocrx_word' id='word_1_51' title='bbox 1567 762 1759 821; x_wconf 72' lang='lat' dir='ltr'><em>sup-ra</em></span> <span class='ocrx_word' id='word_1_52' title='bbox 1796 742 2084 800; x_wconf 86' lang='lat' dir='ltr'><em>damnato</em></span> <span class='ocrx_word' id='word_1_53' title='bbox 2114 743 2429 821; x_wconf 78' lang='lat' dir='ltr'><em>principio</em></span> 
     </span>
    </p>
   </div>
   <div class='ocr_carea' id='block_1_5' title="bbox 278 833 1110 917">
    <p class='ocr_par' dir='ltr' id='par_1_5' title="bbox 278 833 1110 917">
     <span class='ocr_line' id='line_1_10' title="bbox 278 833 1110 917; baseline 0.001 -24"><span class='ocrx_word' id='word_1_54' title='bbox 278 838 553 915; x_wconf 79' lang='lat' dir='ltr'><em>profecta</em></span> <span class='ocrx_word' id='word_1_55' title='bbox 584 835 607 914; x_wconf 92' lang='lat'>(</span> <span class='ocrx_word' id='word_1_56' title='bbox 631 857 803 917; x_wconf 89' lang='lat' dir='ltr'><strong>prop.</strong></span> <span class='ocrx_word' id='word_1_57' title='bbox 839 833 970 916; x_wconf 80' lang='lat' dir='ltr'><em>LX)</em></span> <span class='ocrx_word' id='word_1_58' title='bbox 1000 835 1110 916; x_wconf 78' lang='lat' dir='ltr'><em>(l).</em></span> 
     </span>
    </p>
   </div>
   <div class='ocr_carea' id='block_1_6' title="bbox 288 930 2432 1495">
    <p class='ocr_par' dir='ltr' id='par_1_6' title="bbox 288 930 2432 1495">
     <span class='ocr_line' id='line_1_11' title="bbox 378 930 2426 1013; baseline 0 -24"><span class='ocrx_word' id='word_1_59' title='bbox 378 930 519 990; x_wconf 83' lang='lat'><strong>198.</strong></span> <span class='ocrx_word' id='word_1_60' title='bbox 569 932 640 989; x_wconf 81' lang='lat' dir='ltr'><em>Et</em></span> <span class='ocrx_word' id='word_1_61' title='bbox 673 953 814 991; x_wconf 89' lang='lat' dir='ltr'><em>sane</em></span> <span class='ocrx_word' id='word_1_62' title='bbox 860 953 994 990; x_wconf 89' lang='lat' dir='ltr'><em>cum</em></span> <span class='ocrx_word' id='word_1_63' title='bbox 1025 932 1100 991; x_wconf 91' lang='lat' dir='ltr'><em>de</em></span> <span class='ocrx_word' id='word_1_64' title='bbox 1140 931 1278 992; x_wconf 85' lang='lat' dir='ltr'><em>fidei</em></span> <span class='ocrx_word' id='word_1_65' title='bbox 1315 931 1587 1013; x_wconf 80' lang='lat' dir='ltr'><em>dogmate</em></span> <span class='ocrx_word' id='word_1_66' title='bbox 1623 944 1860 1013; x_wconf 79' lang='lat' dir='ltr'><em>agatur,</em></span> <span class='ocrx_word' id='word_1_67' title='bbox 1907 933 1994 992; x_wconf 91' lang='lat' dir='ltr'><em>uti</em></span> <span class='ocrx_word' id='word_1_68' title='bbox 2026 931 2426 1007; x_wconf 82' lang='lat' dir='ltr'><em>ostendimuS,</em></span> 
     </span>
     <span class='ocr_line' id='line_1_12' title="bbox 292 1026 2431 1109; baseline 0 -24"><span class='ocrx_word' id='word_1_69' title='bbox 292 1027 340 1085; x_wconf 86' lang='lat' dir='ltr'><em>si</em></span> <span class='ocrx_word' id='word_1_70' title='bbox 368 1031 465 1105; x_wconf 84' lang='lat' dir='ltr'><em>jus</em></span> <span class='ocrx_word' id='word_1_71' title='bbox 500 1028 899 1087; x_wconf 85' lang='lat' dir='ltr'><em>constituendi</em></span> <span class='ocrx_word' id='word_1_72' title='bbox 941 1026 1370 1109; x_wconf 88' lang='lat' dir='ltr'><em>impedimenta</em></span> <span class='ocrx_word' id='word_1_73' title='bbox 1406 1028 1744 1089; x_wconf 88' lang='lat' dir='ltr'><em>dirimentia</em></span> <span class='ocrx_word' id='word_1_74' title='bbox 1765 1075 1782 1104; x_wconf 94' lang='lat'><em>,</em></span> <span class='ocrx_word' id='word_1_75' title='bbox 1828 1028 1924 1090; x_wconf 84' lang='lat' dir='ltr'><em>vel</em></span> <span class='ocrx_word' id='word_1_76' title='bbox 1960 1027 2035 1087; x_wconf 91' lang='lat' dir='ltr'><em>ab</em></span> <span class='ocrx_word' id='word_1_77' title='bbox 2069 1028 2277 1087; x_wconf 89' lang='lat' dir='ltr'><em>iisdem</em></span> <span class='ocrx_word' id='word_1_78' title='bbox 2310 1026 2431 1085; x_wconf 86' lang='lat' dir='ltr'><em>dis-</em></span> 
     </span>
     <span class='ocr_line' id='line_1_13' title="bbox 289 1122 2431 1207; baseline 0 -27"><span class='ocrx_word' id='word_1_79' title='bbox 289 1122 615 1204; x_wconf 85' lang='lat' dir='ltr'><em>pensandi,</em></span> <span class='ocrx_word' id='word_1_80' title='bbox 646 1123 986 1205; x_wconf 86' lang='lat' dir='ltr'><em>Principum</em></span> <span class='ocrx_word' id='word_1_81' title='bbox 1020 1135 1171 1183; x_wconf 88' lang='lat' dir='ltr'><em>esset</em></span> <span class='ocrx_word' id='word_1_82' title='bbox 1196 1125 1577 1204; x_wconf 84' lang='lat' dir='ltr'><em>originarium</em></span> <span class='ocrx_word' id='word_1_83' title='bbox 1603 1147 1667 1184; x_wconf 90' lang='lat' dir='ltr'><em>ac</em></span> <span class='ocrx_word' id='word_1_84' title='bbox 1695 1125 2002 1207; x_wconf 89' lang='lat' dir='ltr'><em>proprium</em></span> <span class='ocrx_word' id='word_1_85' title='bbox 2026 1169 2042 1199; x_wconf 81' lang='lat'><em>,</em></span> <span class='ocrx_word' id='word_1_86' title='bbox 2071 1123 2133 1182; x_wconf 88' lang='lat' dir='ltr'><em>id</em></span> <span class='ocrx_word' id='word_1_87' title='bbox 2162 1132 2431 1182; x_wconf 78' lang='lat' dir='ltr'><em>constare</em></span> 
     </span>
     <span class='ocr_line' id='line_1_14' title="bbox 290 1215 2432 1302; baseline 0.001 -27"><span class='ocrx_word' id='word_1_88' title='bbox 290 1215 535 1277; x_wconf 85' lang='lat' dir='ltr'><em>deberet</em></span> <span class='ocrx_word' id='word_1_89' title='bbox 568 1217 664 1278; x_wconf 84' lang='lat' dir='ltr'><em>vel</em></span> <span class='ocrx_word' id='word_1_90' title='bbox 699 1239 772 1277; x_wconf 80' lang='lat' dir='ltr'><em>ex</em></span> <span class='ocrx_word' id='word_1_91' title='bbox 808 1218 989 1279; x_wconf 86' lang='lat' dir='ltr'><em>verbo</em></span> <span class='ocrx_word' id='word_1_92' title='bbox 1028 1220 1132 1277; x_wconf 90' lang='lat' dir='ltr'><em>Dei</em></span> <span class='ocrx_word' id='word_1_93' title='bbox 1165 1221 1414 1302; x_wconf 83' lang='lat' dir='ltr'><em>scripta,</em></span> <span class='ocrx_word' id='word_1_94' title='bbox 1450 1219 1548 1282; x_wconf 87' lang='lat' dir='ltr'><em>vel</em></span> <span class='ocrx_word' id='word_1_95' title='bbox 1581 1242 1652 1280; x_wconf 79' lang='lat' dir='ltr'><em>ex</em></span> <span class='ocrx_word' id='word_1_96' title='bbox 1692 1220 1873 1285; x_wconf 88' lang='lat' dir='ltr'><em>verbo</em></span> <span class='ocrx_word' id='word_1_97' title='bbox 1911 1220 2018 1280; x_wconf 91' lang='lat' dir='ltr'><em>Dei</em></span> <span class='ocrx_word' id='word_1_98' title='bbox 2053 1219 2302 1293; x_wconf 79' lang='lat' dir='ltr'><em>tradit03</em></span> <span class='ocrx_word' id='word_1_99' title='bbox 2337 1216 2432 1278; x_wconf 90' lang='lat' dir='ltr'><em>vel</em></span> 
     </span>
     <span class='ocr_line' id='line_1_15' title="bbox 288 1313 2429 1399; baseline 0 -27"><span class='ocrx_word' id='word_1_100' title='bbox 288 1313 496 1373; x_wconf 89' lang='lat' dir='ltr'><em>saltem</em></span> <span class='ocrx_word' id='word_1_101' title='bbox 527 1326 794 1376; x_wconf 83' lang='lat' dir='ltr'><em>constare</em></span> <span class='ocrx_word' id='word_1_102' title='bbox 829 1314 1074 1375; x_wconf 82' lang='lat' dir='ltr'><em>deberet</em></span> <span class='ocrx_word' id='word_1_103' title='bbox 1103 1315 1178 1375; x_wconf 90' lang='lat' dir='ltr'><em>de</em></span> <span class='ocrx_word' id='word_1_104' title='bbox 1209 1315 1318 1374; x_wconf 89' lang='lat' dir='ltr'><em>hoc</em></span> <span class='ocrx_word' id='word_1_105' title='bbox 1347 1337 1636 1399; x_wconf 86' lang='lat' dir='ltr'><em>consensu</em></span> <span class='ocrx_word' id='word_1_106' title='bbox 1677 1316 1776 1378; x_wconf 88' lang='lat' dir='ltr'><em>vel</em></span> <span class='ocrx_word' id='word_1_107' title='bbox 1817 1317 1996 1377; x_wconf 84' lang='lat' dir='ltr'><em>tacito</em></span> <span class='ocrx_word' id='word_1_108' title='bbox 2031 1314 2125 1377; x_wconf 89' lang='lat' dir='ltr'><em>vel</em></span> <span class='ocrx_word' id='word_1_109' title='bbox 2156 1333 2429 1395; x_wconf 82' lang='lat' dir='ltr'><em>expresso</em></span> 
     </span>
     <span class='ocr_line' id='line_1_16' title="bbox 290 1410 2430 1495; baseline -0 -27"><span class='ocrx_word' id='word_1_110' title='bbox 290 1431 322 1469; x_wconf 80' lang='lat' dir='ltr'><em>a</em></span> <span class='ocrx_word' id='word_1_111' title='bbox 351 1410 717 1493; x_wconf 88' lang='lat' dir='ltr'><em>Principibus</em></span> <span class='ocrx_word' id='word_1_112' title='bbox 752 1411 1014 1471; x_wconf 74' lang='lat' dir='ltr'><em>Ecclesiae</em></span> <span class='ocrx_word' id='word_1_113' title='bbox 1042 1411 1360 1494; x_wconf 85' lang='lat' dir='ltr'><em>aliquando</em></span> <span class='ocrx_word' id='word_1_114' title='bbox 1388 1411 1544 1472; x_wconf 77' lang='lat' dir='ltr'><em>dato,</em></span> <span class='ocrx_word' id='word_1_115' title='bbox 1590 1414 1769 1495; x_wconf 82' lang='lat' dir='ltr'><em>Atqui</em></span> <span class='ocrx_word' id='word_1_116' title='bbox 1802 1434 1996 1495; x_wconf 87' lang='lat' dir='ltr'><em>neque</em></span> <span class='ocrx_word' id='word_1_117' title='bbox 2024 1434 2095 1472; x_wconf 78' lang='lat' dir='ltr'><em>ex</em></span> <span class='ocrx_word' id='word_1_118' title='bbox 2132 1411 2430 1490; x_wconf 87' lang='lat' dir='ltr'><em>Scriptura</em></span> 
     </span>
    </p>
   </div>
   <div class='ocr_carea' id='block_1_7' title="bbox 360 1616 2432 1695">
    <p class='ocr_par' dir='ltr' id='par_1_7' title="bbox 360 1616 2432 1695">
     <span class='ocr_line' id='line_1_17' title="bbox 360 1616 2432 1695; baseline -0.001 -20"><span class='ocrx_word' id='word_1_119' title='bbox 360 1628 429 1691; x_wconf 88' lang='lat' dir='ltr'><em>(l)</em></span> <span class='ocrx_word' id='word_1_120' title='bbox 468 1627 541 1676; x_wconf 87' lang='lat' dir='ltr'><em>Ex</em></span> <span class='ocrx_word' id='word_1_121' title='bbox 554 1628 628 1676; x_wconf 89' lang='lat' dir='ltr'><em>his</em></span> <span class='ocrx_word' id='word_1_122' title='bbox 646 1638 801 1694; x_wconf 77' lang='lat' dir='ltr'><em>patet,</em></span> <span class='ocrx_word' id='word_1_123' title='bbox 820 1629 1062 1694; x_wconf 86' lang='lat' dir='ltr'><em>quoduam</em></span> <span class='ocrx_word' id='word_1_124' title='bbox 1087 1616 1322 1694; x_wconf 73' lang='lat' dir='ltr'><em>judicium</em></span> <span class='ocrx_word' id='word_1_125' title='bbox 1398 1628 1598 1695; x_wconf 64' lang='lat' dir='ltr'><em>podest&amp;</em></span> <span class='ocrx_word' id='word_1_126' title='bbox 1626 1628 1950 1677; x_wconf 82' lang='lat' dir='ltr'><em>ecclesiastica</em></span> <span class='ocrx_word' id='word_1_127' title='bbox 1969 1646 1982 1676; x_wconf 70' lang='grc' dir='ltr'>ι</span> <span class='ocrx_word' id='word_1_128' title='bbox 1999 1628 2203 1675; x_wconf 78' lang='lat' dir='ltr'><em>tattavia</em></span> <span class='ocrx_word' id='word_1_129' title='bbox 2231 1627 2432 1674; x_wconf 76' lang='lat' dir='ltr'><em>siccome</em></span> 
     </span>
    </p>
   </div>
   <div class='ocr_carea' id='block_1_8' title="bbox 287 1709 1327 3665">
    <p class='ocr_par' dir='ltr' id='par_1_8' title="bbox 287 1709 1327 3665">
     <span class='ocr_line' id='line_1_18' title="bbox 292 1709 1324 1775; baseline 0 -18"><span class='ocrx_word' id='word_1_130' title='bbox 292 1709 543 1760; x_wconf 83' lang='lat' dir='ltr'><em>ferendum</em></span> <span class='ocrx_word' id='word_1_131' title='bbox 561 1713 619 1758; x_wconf 85' lang='lat' dir='ltr'><em>sit</em></span> <span class='ocrx_word' id='word_1_132' title='bbox 635 1710 693 1758; x_wconf 88' lang='lat' dir='ltr'><em>de</em></span> <span class='ocrx_word' id='word_1_133' title='bbox 721 1728 776 1758; x_wconf 87' lang='lat' dir='ltr'><em>eo</em></span> <span class='ocrx_word' id='word_1_134' title='bbox 797 1746 811 1769; x_wconf 90' lang='lat'><em>,</em></span> <span class='ocrx_word' id='word_1_135' title='bbox 842 1711 968 1775; x_wconf 90' lang='lat' dir='ltr'><em>quod</em></span> <span class='ocrx_word' id='word_1_136' title='bbox 991 1709 1153 1759; x_wconf 85' lang='lat' dir='ltr'><em>scribit</em></span> <span class='ocrx_word' id='word_1_137' title='bbox 1170 1710 1324 1759; x_wconf 89' lang='lat' dir='ltr'><em>Rech-</em></span> 
     </span>
     <span class='ocr_line' id='line_1_19' title="bbox 292 1791 1322 1856; baseline -0.002 -15"><span class='ocrx_word' id='word_1_138' title='bbox 292 1794 459 1856; x_wconf 85' lang='lat' dir='ltr'><em>berger</em></span> <span class='ocrx_word' id='word_1_139' title='bbox 499 1809 578 1856; x_wconf 89' lang='lat' dir='ltr'><em>op.</em></span> <span class='ocrx_word' id='word_1_140' title='bbox 608 1795 690 1840; x_wconf 83' lang='lat' dir='ltr'><em>cit.</em></span> <span class='ocrx_word' id='word_1_141' title='bbox 721 1791 966 1840; x_wconf 80' lang='lat' dir='ltr'><em>Manuale</em></span> <span class='ocrx_word' id='word_1_142' title='bbox 996 1792 1074 1839; x_wconf 84' lang='lat' dir='ltr'><em>del</em></span> <span class='ocrx_word' id='word_1_143' title='bbox 1105 1794 1219 1855; x_wconf 77' lang='lat' dir='ltr'><em>qius</em></span> <span class='ocrx_word' id='word_1_144' title='bbox 1238 1808 1322 1839; x_wconf 88' lang='lat' dir='ltr'><em>ca·</em></span> 
     </span>
     <span class='ocr_line' id='line_1_20' title="bbox 293 1871 1319 1940; baseline 0 -18"><span class='ocrx_word' id='word_1_145' title='bbox 293 1874 471 1922; x_wconf 85' lang='lat' dir='ltr'><em>nanica</em></span> <span class='ocrx_word' id='word_1_146' title='bbox 513 1871 799 1921; x_wconf 82' lang='lat' dir='ltr'><em>Austriaco.</em></span> <span class='ocrx_word' id='word_1_147' title='bbox 836 1884 951 1921; x_wconf 78' lang='lat' dir='ltr'><em>tom.</em></span> <span class='ocrx_word' id='word_1_148' title='bbox 997 1891 1064 1930; x_wconf 86' lang='lat' dir='ltr'><em>n,</em></span> <span class='ocrx_word' id='word_1_149' title='bbox 1104 1872 1132 1940; x_wconf 55' lang='grc' dir='ltr'>ᾖ</span> <span class='ocrx_word' id='word_1_150' title='bbox 1173 1872 1268 1940; x_wconf 86' lang='lat'><em>159</em></span> <span class='ocrx_word' id='word_1_151' title='bbox 1304 1890 1319 1921; x_wconf 72' lang='lat' dir='ltr'><em>z</em></span> 
     </span>
     <span class='ocr_line' id='line_1_21' title="bbox 293 1952 1323 2020; baseline -0.002 -15"><span class='ocrx_word' id='word_1_152' title='bbox 293 1952 398 2006; x_wconf 79' lang='lat' dir='ltr'><em>Dai</em></span> <span class='ocrx_word' id='word_1_153' title='bbox 425 1955 651 2020; x_wconf 77' lang='lat' dir='ltr'><em>principj</em></span> <span class='ocrx_word' id='word_1_154' title='bbox 682 1954 766 2002; x_wconf 83' lang='lat' dir='ltr'><em>clze</em></span> <span class='ocrx_word' id='word_1_155' title='bbox 808 1970 868 2002; x_wconf 77' lang='lat' dir='ltr'><em>sa</em></span> <span class='ocrx_word' id='word_1_156' title='bbox 908 1963 1073 2018; x_wconf 82' lang='lat' dir='ltr'><em>questa</em></span> <span class='ocrx_word' id='word_1_157' title='bbox 1119 1955 1323 2003; x_wconf 80' lang='lat' dir='ltr'><em>materia</em></span> 
     </span>
     <span class='ocr_line' id='line_1_22' title="bbox 295 2035 1326 2104; baseline -0.001 -18"><span class='ocrx_word' id='word_1_158' title='bbox 295 2037 520 2086; x_wconf 79' lang='lat' dir='ltr'><em>abbiamo</em></span> <span class='ocrx_word' id='word_1_159' title='bbox 554 2042 733 2102; x_wconf 81' lang='lat' dir='ltr'><em>espasti</em></span> <span class='ocrx_word' id='word_1_160' title='bbox 759 2041 805 2100; x_wconf 83' lang='lat'><em>(1</em></span> <span class='ocrx_word' id='word_1_161' title='bbox 832 2036 859 2103; x_wconf 59' lang='grc' dir='ltr'><strong>ἓ</strong></span> <span class='ocrx_word' id='word_1_162' title='bbox 890 2036 1025 2104; x_wconf 76' lang='lat'><strong>780.)</strong></span> <span class='ocrx_word' id='word_1_163' title='bbox 1053 2035 1133 2084; x_wconf 87' lang='lat' dir='ltr'><em>nel</em></span> <span class='ocrx_word' id='word_1_164' title='bbox 1153 2037 1326 2085; x_wconf 84' lang='lat' dir='ltr'><em>diritta</em></span> 
     </span>
     <span class='ocr_line' id='line_1_23' title="bbox 287 2118 1326 2187; baseline -0.003 -20"><span class='ocrx_word' id='word_1_165' title='bbox 287 2119 514 2187; x_wconf 79' lang='lat' dir='ltr'><em>pubblica</em></span> <span class='ocrx_word' id='word_1_166' title='bbox 535 2156 549 2179; x_wconf 92' lang='lat'><em>,</em></span> <span class='ocrx_word' id='word_1_167' title='bbox 580 2118 861 2182; x_wconf 81' lang='lat' dir='ltr'><em>facilmente</em></span> <span class='ocrx_word' id='word_1_168' title='bbox 892 2121 939 2166; x_wconf 87' lang='lat' dir='ltr'><em>si</em></span> <span class='ocrx_word' id='word_1_169' title='bbox 970 2119 1148 2166; x_wconf 83' lang='lat' dir='ltr'><em>deduce</em></span> <span class='ocrx_word' id='word_1_170' title='bbox 1185 2136 1216 2165; x_wconf 91' lang='lat' dir='ltr'><em>a</em></span> <span class='ocrx_word' id='word_1_171' title='bbox 1244 2119 1326 2166; x_wconf 78' lang='lat' dir='ltr'><em>chi</em></span> 
     </span>
     <span class='ocr_line' id='line_1_24' title="bbox 295 2199 1321 2268; baseline -0.003 -18"><span class='ocrx_word' id='word_1_172' title='bbox 295 2209 509 2268; x_wconf 80' lang='lat' dir='ltr'><em>competa</em></span> <span class='ocrx_word' id='word_1_173' title='bbox 537 2199 580 2248; x_wconf 87' lang='lat' dir='ltr'><em>il</em></span> <span class='ocrx_word' id='word_1_174' title='bbox 606 2201 771 2248; x_wconf 80' lang='lat' dir='ltr'><em>diritto</em></span> <span class='ocrx_word' id='word_1_175' title='bbox 798 2201 853 2247; x_wconf 85' lang='lat' dir='ltr'><em>di</em></span> <span class='ocrx_word' id='word_1_176' title='bbox 874 2200 1087 2248; x_wconf 82' lang='lat' dir='ltr'><em>stabilire</em></span> <span class='ocrx_word' id='word_1_177' title='bbox 1104 2200 1321 2266; x_wconf 62' lang='lat' dir='ltr'><em>ql&#39;iintpe-</em></span> 
     </span>
     <span class='ocr_line' id='line_1_25' title="bbox 294 2282 1324 2348; baseline -0.001 -17"><span class='ocrx_word' id='word_1_178' title='bbox 294 2283 508 2332; x_wconf 83' lang='lat' dir='ltr'><em>dimenti</em></span> <span class='ocrx_word' id='word_1_179' title='bbox 539 2282 615 2330; x_wconf 86' lang='lat' dir='ltr'><em>del</em></span> <span class='ocrx_word' id='word_1_180' title='bbox 643 2282 711 2330; x_wconf 89' lang='lat' dir='ltr'><em>M</em></span> <span class='ocrx_word' id='word_1_181' title='bbox 714 2284 995 2332; x_wconf 79' lang='lat' dir='ltr'><em>atrimonia.</em></span> <span class='ocrx_word' id='word_1_182' title='bbox 1029 2282 1324 2348; x_wconf 74' lang='lat' dir='ltr'><em>Imperciac—</em></span> 
     </span>
     <span class='ocr_line' id='line_1_26' title="bbox 298 2364 1324 2429; baseline 0 -16"><span class='ocrx_word' id='word_1_183' title='bbox 298 2365 383 2413; x_wconf 76' lang='lat' dir='ltr'><em>che</em></span> <span class='ocrx_word' id='word_1_184' title='bbox 425 2365 728 2429; x_wconf 75' lang='lat' dir='ltr'><em>riquardana</em></span> <span class='ocrx_word' id='word_1_185' title='bbox 763 2367 877 2426; x_wconf 88' lang='lat' dir='ltr'><em>essi,</em></span> <span class='ocrx_word' id='word_1_186' title='bbox 913 2383 940 2413; x_wconf 91' lang='lat' dir='ltr'><em>a</em></span> <span class='ocrx_word' id='word_1_187' title='bbox 985 2373 1030 2412; x_wconf 80' lang='grc' dir='ltr'><em>ιο</em></span> <span class='ocrx_word' id='word_1_188' title='bbox 1056 2365 1104 2413; x_wconf 89' lang='lat' dir='ltr'><em>la</em></span> <span class='ocrx_word' id='word_1_189' title='bbox 1121 2364 1324 2413; x_wconf 76' lang='lat' dir='ltr'><em>validita</em></span> 
     </span>
     <span class='ocr_line' id='line_1_27' title="bbox 294 2446 1322 2512; baseline 0 -17"><span class='ocrx_word' id='word_1_190' title='bbox 294 2448 546 2512; x_wconf 75' lang='lat' dir='ltr'><em>yiuridica</em></span> <span class='ocrx_word' id='word_1_191' title='bbox 580 2447 658 2496; x_wconf 86' lang='lat' dir='ltr'><em>del</em></span> <span class='ocrx_word' id='word_1_192' title='bbox 685 2456 919 2496; x_wconf 88' lang='lat' dir='ltr'><em>cantratta</em></span> <span class='ocrx_word' id='word_1_193' title='bbox 939 2446 1322 2506; x_wconf 80' lang='lat' dir='ltr'><em>matrimoniale,</em></span> 
     </span>
     <span class='ocr_line' id='line_1_28' title="bbox 296 2530 1327 2597; baseline -0.002 -17"><span class='ocrx_word' id='word_1_194' title='bbox 296 2548 323 2580; x_wconf 89' lang='grc' dir='ltr'><strong>ο</strong></span> <span class='ocrx_word' id='word_1_195' title='bbox 338 2539 388 2579; x_wconf 86' lang='lat'><em>2⁰</em></span> <span class='ocrx_word' id='word_1_196' title='bbox 401 2530 601 2595; x_wconf 79' lang='lat' dir='ltr'><em>qualche</em></span> <span class='ocrx_word' id='word_1_197' title='bbox 620 2549 714 2580; x_wconf 77' lang='lat' dir='ltr'><em>sua</em></span> <span class='ocrx_word' id='word_1_198' title='bbox 736 2531 924 2597; x_wconf 77' lang='lat' dir='ltr'><em>qualita</em></span> <span class='ocrx_word' id='word_1_199' title='bbox 941 2531 1119 2580; x_wconf 87' lang='lat' dir='ltr'><em>morale</em></span> <span class='ocrx_word' id='word_1_200' title='bbox 1139 2569 1154 2594; x_wconf 85' lang='lat'><em>,</em></span> <span class='ocrx_word' id='word_1_201' title='bbox 1174 2547 1200 2579; x_wconf 90' lang='lat' dir='ltr'><em>a</em></span> <span class='ocrx_word' id='word_1_202' title='bbox 1221 2530 1270 2578; x_wconf 81' lang='lat'><em>3⁰</em></span> <span class='ocrx_word' id='word_1_203' title='bbox 1289 2530 1327 2578; x_wconf 84' lang='lat' dir='ltr'><em>il</em></span> 
     </span>
     <span class='ocr_line' id='line_1_29' title="bbox 298 2611 1326 2680; baseline 0 -20"><span class='ocrx_word' id='word_1_204' title='bbox 298 2612 608 2661; x_wconf 84' lang='lat' dir='ltr'><em>Sacramenta</em></span> <span class='ocrx_word' id='word_1_205' title='bbox 627 2614 687 2661; x_wconf 90' lang='lat' dir='ltr'><em>ed</em></span> <span class='ocrx_word' id='word_1_206' title='bbox 702 2615 725 2661; x_wconf 84' lang='lat' dir='ltr'><em>i</em></span> <span class='ocrx_word' id='word_1_207' title='bbox 740 2616 850 2661; x_wconf 82' lang='lat' dir='ltr'><em>suoi</em></span> <span class='ocrx_word' id='word_1_208' title='bbox 863 2615 1027 2680; x_wconf 80' lang='lat' dir='ltr'><em>effetti.</em></span> <span class='ocrx_word' id='word_1_209' title='bbox 1043 2611 1225 2678; x_wconf 77' lang='lat' dir='ltr'><em>Queqli</em></span> <span class='ocrx_word' id='word_1_210' title='bbox 1234 2615 1326 2661; x_wconf 82' lang='lat' dir='ltr'><em>im-</em></span> 
     </span>
     <span class='ocr_line' id='line_1_30' title="bbox 290 2694 1322 2761; baseline 0.002 -19"><span class='ocrx_word' id='word_1_211' title='bbox 290 2694 562 2761; x_wconf 76' lang='lat' dir='ltr'><em>pedimenti</em></span> <span class='ocrx_word' id='word_1_212' title='bbox 575 2695 659 2743; x_wconf 77' lang='lat' dir='ltr'><em>che</em></span> <span class='ocrx_word' id='word_1_213' title='bbox 672 2696 880 2744; x_wconf 80' lang='lat' dir='ltr'><em>rendana</em></span> <span class='ocrx_word' id='word_1_214' title='bbox 897 2696 938 2743; x_wconf 87' lang='lat' dir='ltr'><em>il</em></span> <span class='ocrx_word' id='word_1_215' title='bbox 951 2705 1183 2745; x_wconf 66' lang='lat' dir='ltr'><em>contraite</em></span> <span class='ocrx_word' id='word_1_216' title='bbox 1206 2699 1322 2761; x_wconf 76' lang='lat' dir='ltr'><em>qiu-</em></span> 
     </span>
     <span class='ocr_line' id='line_1_31' title="bbox 298 2777 1324 2843; baseline 0.003 -20"><span class='ocrx_word' id='word_1_217' title='bbox 298 2777 615 2824; x_wconf 87' lang='lat' dir='ltr'><em>ridicamente</em></span> <span class='ocrx_word' id='word_1_218' title='bbox 629 2780 788 2837; x_wconf 83' lang='lat' dir='ltr'><em>irrita,</em></span> <span class='ocrx_word' id='word_1_219' title='bbox 808 2794 924 2826; x_wconf 85' lang='lat' dir='ltr'><em>sana</em></span> <span class='ocrx_word' id='word_1_220' title='bbox 934 2779 1100 2843; x_wconf 77' lang='lat' dir='ltr'><em>percio</em></span> <span class='ocrx_word' id='word_1_221' title='bbox 1120 2780 1173 2825; x_wconf 81' lang='lat' dir='ltr'><em>in</em></span> <span class='ocrx_word' id='word_1_222' title='bbox 1186 2795 1324 2826; x_wconf 85' lang='lat' dir='ltr'><em>sensa</em></span> 
     </span>
     <span class='ocr_line' id='line_1_32' title="bbox 298 2859 1324 2924; baseline 0.001 -19"><span class='ocrx_word' id='word_1_223' title='bbox 298 2867 458 2906; x_wconf 84' lang='lat' dir='ltr'><em>stretto</em></span> <span class='ocrx_word' id='word_1_224' title='bbox 505 2859 788 2918; x_wconf 84' lang='lat' dir='ltr'><em>dirimenti,</em></span> <span class='ocrx_word' id='word_1_225' title='bbox 840 2861 1172 2924; x_wconf 75' lang='lat' dir='ltr'><em>sayqiaeciana</em></span> <span class='ocrx_word' id='word_1_226' title='bbox 1226 2859 1324 2908; x_wconf 88' lang='lat' dir='ltr'><em>alla</em></span> 
     </span>
     <span class='ocr_line' id='line_1_33' title="bbox 290 2940 1324 3007; baseline 0.001 -19"><span class='ocrx_word' id='word_1_227' title='bbox 290 2940 488 3006; x_wconf 64' lang='lat' dir='ltr'><em>podest&amp;</em></span> <span class='ocrx_word' id='word_1_228' title='bbox 528 2940 607 2988; x_wconf 84' lang='lat' dir='ltr'><em>del</em></span> <span class='ocrx_word' id='word_1_229' title='bbox 643 2958 822 2990; x_wconf 86' lang='lat' dir='ltr'><em>samma</em></span> <span class='ocrx_word' id='word_1_230' title='bbox 867 2944 1169 3007; x_wconf 79' lang='lat' dir='ltr'><em>imperante,</em></span> <span class='ocrx_word' id='word_1_231' title='bbox 1216 2958 1241 2989; x_wconf 91' lang='lat' dir='ltr'><em>e</em></span> <span class='ocrx_word' id='word_1_232' title='bbox 1277 2941 1324 2989; x_wconf 89' lang='lat' dir='ltr'><em>la</em></span> 
     </span>
     <span class='ocr_line' id='line_1_34' title="bbox 301 3022 1325 3089; baseline 0 -19"><span class='ocrx_word' id='word_1_233' title='bbox 301 3023 480 3071; x_wconf 72' lang='lat' dir='ltr'><em>Chic-sa</em></span> <span class='ocrx_word' id='word_1_234' title='bbox 510 3040 609 3071; x_wconf 87' lang='lat' dir='ltr'><em>non</em></span> <span class='ocrx_word' id='word_1_235' title='bbox 631 3024 738 3089; x_wconf 76' lang='lat' dir='ltr'><em>pao</em></span> <span class='ocrx_word' id='word_1_236' title='bbox 770 3023 1017 3072; x_wconf 81' lang='lat' dir='ltr'><em>stabillirli</em></span> <span class='ocrx_word' id='word_1_237' title='bbox 1043 3041 1092 3071; x_wconf 86' lang='lat' dir='ltr'><em>se</em></span> <span class='ocrx_word' id='word_1_238' title='bbox 1118 3040 1215 3071; x_wconf 87' lang='lat' dir='ltr'><em>nan</em></span> <span class='ocrx_word' id='word_1_239' title='bbox 1240 3022 1325 3070; x_wconf 80' lang='lat' dir='ltr'><em>che</em></span> 
     </span>
     <span class='ocr_line' id='line_1_35' title="bbox 297 3104 1327 3171; baseline 0 -19"><span class='ocrx_word' id='word_1_240' title='bbox 297 3104 404 3153; x_wconf 87' lang='lat' dir='ltr'><em>call&#39;</em></span> <span class='ocrx_word' id='word_1_241' title='bbox 452 3123 660 3171; x_wconf 82' lang='lat' dir='ltr'><em>espresso</em></span> <span class='ocrx_word' id='word_1_242' title='bbox 693 3123 719 3153; x_wconf 92' lang='lat' dir='ltr'><em>o</em></span> <span class='ocrx_word' id='word_1_243' title='bbox 757 3108 899 3154; x_wconf 80' lang='lat' dir='ltr'><em>tacito</em></span> <span class='ocrx_word' id='word_1_244' title='bbox 933 3123 1165 3154; x_wconf 79' lang='lat' dir='ltr'><em>consenso</em></span> <span class='ocrx_word' id='word_1_245' title='bbox 1205 3106 1327 3154; x_wconf 88' lang='lat' dir='ltr'><em>d&#39;ell&#39;</em></span> 
     </span>
     <span class='ocr_line' id='line_1_36' title="bbox 295 3189 1326 3253; baseline 0.004 -20"><span class='ocrx_word' id='word_1_246' title='bbox 295 3189 564 3252; x_wconf 75' lang='lat' dir='ltr'><em>imperante</em></span> <span class='ocrx_word' id='word_1_247' title='bbox 588 3226 601 3249; x_wconf 93' lang='lat'><em>,</em></span> <span class='ocrx_word' id='word_1_248' title='bbox 654 3189 959 3253; x_wconf 73' lang='lat' dir='ltr'><em>avveqnache</em></span> <span class='ocrx_word' id='word_1_249' title='bbox 995 3189 1071 3235; x_wconf 56' lang='lat' dir='ltr'><em>1⁷il‹</em></span> <span class='ocrx_word' id='word_1_250' title='bbox 1096 3198 1326 3237; x_wconf 84' lang='lat' dir='ltr'><em>contratto</em></span> 
     </span>
     <span class='ocr_line' id='line_1_37' title="bbox 297 3268 1327 3337; baseline 0.002 -21"><span class='ocrx_word' id='word_1_251' title='bbox 297 3268 352 3315; x_wconf 86' lang='lat' dir='ltr'><em>di</em></span> <span class='ocrx_word' id='word_1_252' title='bbox 378 3272 705 3319; x_wconf 78' lang='lat' dir='ltr'><em>Matrimonia</em></span> <span class='ocrx_word' id='word_1_253' title='bbox 724 3310 737 3331; x_wconf 90' lang='lat'><em>,</em></span> <span class='ocrx_word' id='word_1_254' title='bbox 768 3281 909 3320; x_wconf 81' lang='lat' dir='ltr'><em>avuto</em></span> <span class='ocrx_word' id='word_1_255' title='bbox 925 3272 1156 3337; x_wconf 67' lang='lat' dir='ltr'><em>riquardo</em></span> <span class='ocrx_word' id='word_1_256' title='bbox 1180 3271 1230 3318; x_wconf 87' lang='lat' dir='ltr'><em>al</em></span> <span class='ocrx_word' id='word_1_257' title='bbox 1252 3272 1327 3318; x_wconf 87' lang='lat' dir='ltr'><em>di—</em></span> 
     </span>
     <span class='ocr_line' id='line_1_38' title="bbox 298 3352 1325 3419; baseline 0.003 -22"><span class='ocrx_word' id='word_1_258' title='bbox 298 3352 411 3397; x_wconf 77' lang='lat' dir='ltr'><em>ritto</em></span> <span class='ocrx_word' id='word_1_259' title='bbox 433 3389 445 3411; x_wconf 93' lang='lat'><em>,</em></span> <span class='ocrx_word' id='word_1_260' title='bbox 471 3354 655 3418; x_wconf 75' lang='lat' dir='ltr'><em>prende</em></span> <span class='ocrx_word' id='word_1_261' title='bbox 688 3354 733 3401; x_wconf 86' lang='lat' dir='ltr'><em>la</em></span> <span class='ocrx_word' id='word_1_262' title='bbox 765 3372 851 3402; x_wconf 81' lang='lat' dir='ltr'><em>sua</em></span> <span class='ocrx_word' id='word_1_263' title='bbox 880 3354 1020 3419; x_wconf 83' lang='lat' dir='ltr'><em>forza</em></span> <span class='ocrx_word' id='word_1_264' title='bbox 1064 3353 1192 3401; x_wconf 86' lang='lat' dir='ltr'><em>dalla</em></span> <span class='ocrx_word' id='word_1_265' title='bbox 1225 3353 1325 3401; x_wconf 83' lang='lat' dir='ltr'><em>sala</em></span> 
     </span>
     <span class='ocr_line' id='line_1_39' title="bbox 292 3432 1322 3501; baseline 0.002 -21"><span class='ocrx_word' id='word_1_266' title='bbox 292 3432 494 3498; x_wconf 69' lang='lat' dir='ltr'><em>pade-sta</em></span> <span class='ocrx_word' id='word_1_267' title='bbox 529 3435 728 3485; x_wconf 79' lang='lat' dir='ltr'><em>civile...</em></span> <span class='ocrx_word' id='word_1_268' title='bbox 780 3436 955 3501; x_wconf 69' lang='lat' dir='ltr'><em>Qaeyli</em></span> <span class='ocrx_word' id='word_1_269' title='bbox 989 3435 1322 3501; x_wconf 75' lang='lat' dir='ltr'><em>impedimenti</em></span> 
     </span>
     <span class='ocr_line' id='line_1_40' title="bbox 298 3514 1320 3583; baseline 0.003 -23"><span class='ocrx_word' id='word_1_270' title='bbox 298 3514 586 3563; x_wconf 70' lang='lat' dir='ltr'><em>finalmente¹</em></span> <span class='ocrx_word' id='word_1_271' title='bbox 613 3516 696 3565; x_wconf 75' lang='lat' dir='ltr'><em>che</em></span> <span class='ocrx_word' id='word_1_272' title='bbox 734 3521 781 3567; x_wconf 87' lang='lat' dir='ltr'><em>si</em></span> <span class='ocrx_word' id='word_1_273' title='bbox 821 3520 1101 3583; x_wconf 66' lang='lat' dir='ltr'><em>riseri-scona</em></span> <span class='ocrx_word' id='word_1_274' title='bbox 1131 3517 1182 3565; x_wconf 89' lang='lat' dir='ltr'><em>al</em></span> <span class='ocrx_word' id='word_1_275' title='bbox 1223 3517 1320 3566; x_wconf 86' lang='lat' dir='ltr'><em>Sa-</em></span> 
     </span>
     <span class='ocr_line' id='line_1_41' title="bbox 296 3598 1324 3665; baseline 0.004 -23"><span class='ocrx_word' id='word_1_276' title='bbox 296 3607 534 3648; x_wconf 70' lang='lat' dir='ltr'><em>cramenta</em></span> <span class='ocrx_word' id='word_1_277' title='bbox 580 3598 807 3659; x_wconf 78' lang='lat' dir='ltr'><em>saltante,</em></span> <span class='ocrx_word' id='word_1_278' title='bbox 856 3618 969 3650; x_wconf 82' lang='lat' dir='ltr'><em>sano</em></span> <span class='ocrx_word' id='word_1_279' title='bbox 1018 3603 1184 3665; x_wconf 77' lang='lat' dir='ltr'><em>soyetti</em></span> <span class='ocrx_word' id='word_1_280' title='bbox 1229 3599 1324 3648; x_wconf 86' lang='lat' dir='ltr'><em>alla</em></span> 
     </span>
    </p>
   </div>
   <div class='ocr_carea' id='block_1_9' title="bbox 1402 1706 2436 3589">
    <p class='ocr_par' dir='ltr' id='par_1_9' title="bbox 1402 1706 2436 3589">
     <span class='ocr_line' id='line_1_42' title="bbox 1402 1706 2436 1772; baseline -0.005 -13"><span class='ocrx_word' id='word_1_281' title='bbox 1402 1728 1506 1759; x_wconf 86' lang='lat' dir='ltr'><em>nan</em></span> <span class='ocrx_word' id='word_1_282' title='bbox 1528 1720 1691 1758; x_wconf 84' lang='lat' dir='ltr'><em>ostana</em></span> <span class='ocrx_word' id='word_1_283' title='bbox 1705 1713 1801 1758; x_wconf 83' lang='lat' dir='ltr'><em>essi</em></span> <span class='ocrx_word' id='word_1_284' title='bbox 1820 1749 1833 1772; x_wconf 89' lang='lat'><em>,</em></span> <span class='ocrx_word' id='word_1_285' title='bbox 1862 1709 1945 1758; x_wconf 82' lang='lat' dir='ltr'><em>che</em></span> <span class='ocrx_word' id='word_1_286' title='bbox 1973 1712 2174 1757; x_wconf 79' lang='lat' dir='ltr'><em>sussista</em></span> <span class='ocrx_word' id='word_1_287' title='bbox 2208 1707 2367 1756; x_wconf 86' lang='lat' dir='ltr'><em>valida</em></span> <span class='ocrx_word' id='word_1_288' title='bbox 2393 1706 2436 1755; x_wconf 87' lang='lat' dir='ltr'><em>il</em></span> 
     </span>
     <span class='ocr_line' id='line_1_43' title="bbox 1403 1778 2433 1853; baseline -0.004 -14"><span class='ocrx_word' id='word_1_289' title='bbox 1403 1800 1634 1839; x_wconf 84' lang='lat' dir='ltr'><em>cantratta</em></span> <span class='ocrx_word' id='word_1_290' title='bbox 1674 1778 1814 1839; x_wconf 69' lang='lat' dir='ltr'><em>civile</em></span> <span class='ocrx_word' id='word_1_291' title='bbox 1835 1828 1849 1851; x_wconf 93' lang='lat'><em>,</em></span> <span class='ocrx_word' id='word_1_292' title='bbox 1887 1791 1988 1838; x_wconf 83' lang='lat' dir='ltr'><em>cosi</em></span> <span class='ocrx_word' id='word_1_293' title='bbox 2022 1790 2175 1837; x_wconf 79' lang='lat' dir='ltr'><em>anche</em></span> <span class='ocrx_word' id='word_1_294' title='bbox 2203 1787 2433 1853; x_wconf 80' lang='lat' dir='ltr'><em>riquardo</em></span> 
     </span>
     <span class='ocr_line' id='line_1_44' title="bbox 1405 1869 2435 1937; baseline -0.005 -16"><span class='ocrx_word' id='word_1_295' title='bbox 1405 1872 1455 1921; x_wconf 84' lang='lat' dir='ltr'><em>al</em></span> <span class='ocrx_word' id='word_1_296' title='bbox 1482 1869 1799 1920; x_wconf 83' lang='lat' dir='ltr'><em>Sacramenta</em></span> <span class='ocrx_word' id='word_1_297' title='bbox 1814 1889 1914 1919; x_wconf 88' lang='lat' dir='ltr'><em>nan</em></span> <span class='ocrx_word' id='word_1_298' title='bbox 1925 1888 2131 1937; x_wconf 81' lang='lat' dir='ltr'><em>possano</em></span> <span class='ocrx_word' id='word_1_299' title='bbox 2162 1888 2275 1919; x_wconf 86' lang='lat' dir='ltr'><em>aver</em></span> <span class='ocrx_word' id='word_1_300' title='bbox 2292 1870 2435 1932; x_wconf 80' lang='lat' dir='ltr'><em>farza</em></span> 
     </span>
     <span class='ocr_line' id='line_1_45' title="bbox 1405 1951 2434 2019; baseline -0.003 -16"><span class='ocrx_word' id='word_1_301' title='bbox 1405 1956 1462 2003; x_wconf 85' lang='lat' dir='ltr'><em>di</em></span> <span class='ocrx_word' id='word_1_302' title='bbox 1483 1956 1740 2019; x_wconf 81' lang='lat' dir='ltr'><em>dirimere,</em></span> <span class='ocrx_word' id='word_1_303' title='bbox 1771 1955 2001 2004; x_wconf 73' lang='lat' dir='ltr'><em>attesaclze</em></span> <span class='ocrx_word' id='word_1_304' title='bbox 2029 1954 2225 2003; x_wconf 87' lang='lat' dir='ltr'><em>secanda</em></span> <span class='ocrx_word' id='word_1_305' title='bbox 2254 1951 2434 2002; x_wconf 85' lang='lat' dir='ltr'><em>l’insti-</em></span> 
     </span>
     <span class='ocr_line' id='line_1_46' title="bbox 1406 2023 2434 2102; baseline -0.003 -16"><span class='ocrx_word' id='word_1_306' title='bbox 1406 2023 1600 2086; x_wconf 80' lang='lat' dir='ltr'><em>tuzione</em></span> <span class='ocrx_word' id='word_1_307' title='bbox 1634 2039 1690 2086; x_wconf 89' lang='lat' dir='ltr'><em>di</em></span> <span class='ocrx_word' id='word_1_308' title='bbox 1717 2038 1876 2086; x_wconf 85' lang='lat' dir='ltr'><em>Crista</em></span> <span class='ocrx_word' id='word_1_309' title='bbox 1896 2037 2171 2102; x_wconf 79' lang='lat' dir='ltr'><em>qualwnqne</em></span> <span class='ocrx_word' id='word_1_310' title='bbox 2205 2042 2434 2084; x_wconf 87' lang='lat' dir='ltr'><em>cantratto</em></span> 
     </span>
     <span class='ocr_line' id='line_1_47' title="bbox 1407 2118 2433 2184; baseline -0.003 -17"><span class='ocrx_word' id='word_1_311' title='bbox 1407 2120 1763 2170; x_wconf 83' lang='lat' dir='ltr'><em>matrimoniale</em></span> <span class='ocrx_word' id='word_1_312' title='bbox 1783 2119 2058 2184; x_wconf 75' lang='lat' dir='ltr'><em>leqalmente</em></span> <span class='ocrx_word' id='word_1_313' title='bbox 2081 2118 2238 2167; x_wconf 84' lang='lat' dir='ltr'><em>valida</em></span> <span class='ocrx_word' id='word_1_314' title='bbox 2263 2153 2277 2178; x_wconf 89' lang='lat'>‚</span> <span class='ocrx_word' id='word_1_315' title='bbox 2307 2134 2433 2165; x_wconf 89' lang='lat' dir='ltr'><em>sam-</em></span> 
     </span>
     <span class='ocr_line' id='line_1_48' title="bbox 1406 2197 2432 2267; baseline -0.005 -15"><span class='ocrx_word' id='word_1_316' title='bbox 1406 2205 1634 2252; x_wconf 81' lang='lat' dir='ltr'><em>ministra</em></span> <span class='ocrx_word' id='word_1_317' title='bbox 1677 2205 1841 2267; x_wconf 76' lang='lat' dir='ltr'><em>qiusta</em></span> <span class='ocrx_word' id='word_1_318' title='bbox 1900 2203 2105 2249; x_wconf 83' lang='lat' dir='ltr'><em>materia</em></span> <span class='ocrx_word' id='word_1_319' title='bbox 2145 2201 2202 2248; x_wconf 85' lang='lat' dir='ltr'><em>di</em></span> <span class='ocrx_word' id='word_1_320' title='bbox 2248 2197 2432 2248; x_wconf 87' lang='lat' dir='ltr'><em>Sacra-</em></span> 
     </span>
     <span class='ocr_line' id='line_1_49' title="bbox 1406 2283 2431 2351; baseline -0.003 -17"><span class='ocrx_word' id='word_1_321' title='bbox 1406 2296 1565 2335; x_wconf 84' lang='lat' dir='ltr'><em>menta</em></span> <span class='ocrx_word' id='word_1_322' title='bbox 1581 2322 1597 2348; x_wconf 91' lang='lat'><em>,</em></span> <span class='ocrx_word' id='word_1_323' title='bbox 1641 2286 1701 2336; x_wconf 88' lang='lat' dir='ltr'><em>ed</em></span> <span class='ocrx_word' id='word_1_324' title='bbox 1738 2286 1838 2334; x_wconf 86' lang='lat' dir='ltr'><em>alla</em></span> <span class='ocrx_word' id='word_1_325' title='bbox 1864 2285 2064 2351; x_wconf 60' lang='lat' dir='ltr'><em>podest&amp;</em></span> <span class='ocrx_word' id='word_1_326' title='bbox 2112 2283 2431 2333; x_wconf 84' lang='lat' dir='ltr'><em>ecclesiastica</em></span> 
     </span>
     <span class='ocr_line' id='line_1_50' title="bbox 1406 2367 2432 2435; baseline -0.003 -17"><span class='ocrx_word' id='word_1_327' title='bbox 1406 2388 1505 2418; x_wconf 90' lang='lat' dir='ltr'><em>non</em></span> <span class='ocrx_word' id='word_1_328' title='bbox 1523 2379 1728 2435; x_wconf 88' lang='lat' dir='ltr'><em>compete</em></span> <span class='ocrx_word' id='word_1_329' title='bbox 1754 2369 1795 2416; x_wconf 87' lang='lat' dir='ltr'><em>il</em></span> <span class='ocrx_word' id='word_1_330' title='bbox 1812 2371 2044 2434; x_wconf 74' lang='lat' dir='ltr'><em>canqiare</em></span> <span class='ocrx_word' id='word_1_331' title='bbox 2075 2367 2354 2416; x_wconf 56' lang='lat' dir='ltr'><em>&amp;materia</em></span> <span class='ocrx_word' id='word_1_332' title='bbox 2368 2367 2432 2415; x_wconf 85' lang='lat' dir='ltr'><em>da</em></span> 
     </span>
     <span class='ocr_line' id='line_1_51' title="bbox 1411 2451 2431 2517; baseline -0.003 -17"><span class='ocrx_word' id='word_1_333' title='bbox 1411 2453 1571 2500; x_wconf 85' lang='lat' dir='ltr'><em>Crista</em></span> <span class='ocrx_word' id='word_1_334' title='bbox 1602 2454 1885 2512; x_wconf 79' lang='lat' dir='ltr'><em>instituita3</em></span> <span class='ocrx_word' id='word_1_335' title='bbox 1911 2451 2078 2517; x_wconf 78' lang='lat' dir='ltr'><em>percio</em></span> <span class='ocrx_word' id='word_1_336' title='bbox 2113 2468 2210 2498; x_wconf 86' lang='lat' dir='ltr'><em>nan</em></span> <span class='ocrx_word' id='word_1_337' title='bbox 2235 2466 2349 2498; x_wconf 86' lang='lat' dir='ltr'><em>sona</em></span> <span class='ocrx_word' id='word_1_338' title='bbox 2383 2465 2431 2497; x_wconf 79' lang='lat' dir='ltr'><em>se</em></span> 
     </span>
     <span class='ocr_line' id='line_1_52' title="bbox 1405 2532 2434 2599; baseline -0.002 -17"><span class='ocrx_word' id='word_1_339' title='bbox 1405 2551 1503 2582; x_wconf 84' lang='lat' dir='ltr'><em>non</em></span> <span class='ocrx_word' id='word_1_340' title='bbox 1538 2532 1624 2582; x_wconf 77' lang='lat' dir='ltr'><em>che</em></span> <span class='ocrx_word' id='word_1_341' title='bbox 1656 2534 1973 2599; x_wconf 81' lang='lat' dir='ltr'><em>impedienti,</em></span> <span class='ocrx_word' id='word_1_342' title='bbox 2008 2534 2108 2581; x_wconf 77' lang='lat' dir='ltr'><em>aiae</em></span> <span class='ocrx_word' id='word_1_343' title='bbox 2121 2549 2213 2598; x_wconf 80' lang='lat' dir='ltr'><em>per</em></span> <span class='ocrx_word' id='word_1_344' title='bbox 2244 2549 2358 2580; x_wconf 86' lang='lat' dir='ltr'><em>aver</em></span> <span class='ocrx_word' id='word_1_345' title='bbox 2381 2532 2434 2580; x_wconf 90' lang='lat' dir='ltr'><em>la</em></span> 
     </span>
     <span class='ocr_line' id='line_1_53' title="bbox 1410 2616 2428 2683; baseline -0.005 -15"><span class='ocrx_word' id='word_1_346' title='bbox 1410 2619 1588 2668; x_wconf 70' lang='lat' dir='ltr'><em>Clziesa</em></span> <span class='ocrx_word' id='word_1_347' title='bbox 1619 2619 1816 2683; x_wconf 83' lang='lat' dir='ltr'><em>definita</em></span> <span class='ocrx_word' id='word_1_348' title='bbox 1843 2617 1992 2683; x_wconf 83' lang='lat' dir='ltr'><em>quelle</em></span> <span class='ocrx_word' id='word_1_349' title='bbox 2025 2635 2128 2666; x_wconf 90' lang='lat' dir='ltr'><em>case</em></span> <span class='ocrx_word' id='word_1_350' title='bbox 2157 2617 2241 2665; x_wconf 79' lang='lat' dir='ltr'><em>che</em></span> <span class='ocrx_word' id='word_1_351' title='bbox 2272 2621 2319 2664; x_wconf 83' lang='lat' dir='ltr'><em>si</em></span> <span class='ocrx_word' id='word_1_352' title='bbox 2348 2616 2428 2663; x_wconf 87' lang='lat' dir='ltr'><em>de-</em></span> 
     </span>
     <span class='ocr_line' id='line_1_54' title="bbox 1406 2698 2427 2766; baseline -0.006 -16"><span class='ocrx_word' id='word_1_353' title='bbox 1406 2718 1528 2750; x_wconf 76' lang='lat' dir='ltr'><em>cano</em></span> <span class='ocrx_word' id='word_1_354' title='bbox 1573 2717 1815 2749; x_wconf 79' lang='lat' dir='ltr'><em>asservare</em></span> <span class='ocrx_word' id='word_1_355' title='bbox 1847 2717 1944 2766; x_wconf 79' lang='lat' dir='ltr'><em>per</em></span> <span class='ocrx_word' id='word_1_356' title='bbox 1997 2702 2203 2747; x_wconf 82' lang='lat' dir='ltr'><em>ricevere</em></span> <span class='ocrx_word' id='word_1_357' title='bbox 2249 2698 2427 2762; x_wconf 77' lang='lat' dir='ltr'><em>deqna-</em></span> 
     </span>
     <span class='ocr_line' id='line_1_55' title="bbox 1406 2779 2430 2842; baseline -0.004 -11"><span class='ocrx_word' id='word_1_358' title='bbox 1406 2792 1561 2831; x_wconf 87' lang='lat' dir='ltr'><em>mente</em></span> <span class='ocrx_word' id='word_1_359' title='bbox 1602 2782 1641 2830; x_wconf 82' lang='lat' dir='ltr'><em>il</em></span> <span class='ocrx_word' id='word_1_360' title='bbox 1678 2780 2026 2842; x_wconf 85' lang='lat' dir='ltr'><em>Sacramenta,</em></span> <span class='ocrx_word' id='word_1_361' title='bbox 2076 2784 2131 2828; x_wconf 85' lang='lat' dir='ltr'><em>in</em></span> <span class='ocrx_word' id='word_1_362' title='bbox 2168 2779 2305 2828; x_wconf 88' lang='lat' dir='ltr'><em>moda</em></span> <span class='ocrx_word' id='word_1_363' title='bbox 2343 2780 2430 2827; x_wconf 78' lang='lat' dir='ltr'><em>che</em></span> 
     </span>
     <span class='ocr_line' id='line_1_56' title="bbox 1405 2863 2430 2916; baseline -0.004 -1"><span class='ocrx_word' id='word_1_364' title='bbox 1405 2866 1707 2915; x_wconf 85' lang='lat' dir='ltr'><em>amettendole</em></span> <span class='ocrx_word' id='word_1_365' title='bbox 1723 2865 1765 2912; x_wconf 87' lang='lat' dir='ltr'><em>il</em></span> <span class='ocrx_word' id='word_1_366' title='bbox 1773 2863 2083 2916; x_wconf 86' lang='lat' dir='ltr'><em>Sacramenta</em></span> <span class='ocrx_word' id='word_1_367' title='bbox 2100 2863 2430 2912; x_wconf 80' lang='lat' dir='ltr'><em>illecitamente</em></span> 
     </span>
     <span class='ocr_line' id='line_1_57' title="bbox 1406 2947 2429 3013; baseline -0.002 -17"><span class='ocrx_word' id='word_1_368' title='bbox 1406 2949 1543 2997; x_wconf 85' lang='lat' dir='ltr'><em>bensi</em></span> <span class='ocrx_word' id='word_1_369' title='bbox 1566 2986 1578 3007; x_wconf 94' lang='lat'><em>,</em></span> <span class='ocrx_word' id='word_1_370' title='bbox 1594 2964 1674 2995; x_wconf 88' lang='lat' dir='ltr'><em>ma</em></span> <span class='ocrx_word' id='word_1_371' title='bbox 1693 2964 1792 2995; x_wconf 88' lang='lat' dir='ltr'><em>non</em></span> <span class='ocrx_word' id='word_1_372' title='bbox 1799 2965 1890 3013; x_wconf 86' lang='lat' dir='ltr'><em>per</em></span> <span class='ocrx_word' id='word_1_373' title='bbox 1915 2947 2035 2995; x_wconf 87' lang='lat' dir='ltr'><em>altro</em></span> <span class='ocrx_word' id='word_1_374' title='bbox 2052 2947 2429 2996; x_wconf 79' lang='lat' dir='ltr'><em>invalidamente</em></span> 
     </span>
     <span class='ocr_line' id='line_1_58' title="bbox 1405 3030 2427 3097; baseline -0.001 -19"><span class='ocrx_word' id='word_1_375' title='bbox 1405 3034 1451 3079; x_wconf 84' lang='lat' dir='ltr'><em>si</em></span> <span class='ocrx_word' id='word_1_376' title='bbox 1471 3033 1630 3078; x_wconf 78' lang='lat' dir='ltr'><em>riceva</em></span> <span class='ocrx_word' id='word_1_377' title='bbox 1665 3031 1680 3094; x_wconf 89' lang='lat'><strong>(</strong></span> <span class='ocrx_word' id='word_1_378' title='bbox 1710 3030 1859 3097; x_wconf 89' lang='lat' dir='ltr'><em>Hujus</em></span> <span class='ocrx_word' id='word_1_379' title='bbox 1883 3031 1971 3078; x_wconf 82' lang='lat' dir='ltr'><em>loc-i</em></span> <span class='ocrx_word' id='word_1_380' title='bbox 2013 3031 2245 3078; x_wconf 81' lang='lat' dir='ltr'><em>translatio</em></span> <span class='ocrx_word' id='word_1_381' title='bbox 2286 3031 2427 3078; x_wconf 85' lang='lat' dir='ltr'><em>latina</em></span> 
     </span>
     <span class='ocr_line' id='line_1_59' title="bbox 1406 3111 2428 3175; baseline -0.002 -13"><span class='ocrx_word' id='word_1_382' title='bbox 1406 3116 1616 3163; x_wconf 82' lang='lat' dir='ltr'><em>videatur</em></span> <span class='ocrx_word' id='word_1_383' title='bbox 1655 3115 1714 3162; x_wconf 86' lang='lat' dir='ltr'><em>ad</em></span> <span class='ocrx_word' id='word_1_384' title='bbox 1749 3114 1922 3162; x_wconf 88' lang='lat' dir='ltr'><em>calcem</em></span> <span class='ocrx_word' id='word_1_385' title='bbox 1966 3111 2232 3162; x_wconf 82' lang='lat' dir='ltr'><em>voluminis.</em></span> <span class='ocrx_word' id='word_1_386' title='bbox 2265 3113 2280 3175; x_wconf 89' lang='lat'><strong>)</strong></span> <span class='ocrx_word' id='word_1_387' title='bbox 2323 3113 2428 3160; x_wconf 86' lang='lat' dir='ltr'><em>Haec</em></span> 
     </span>
     <span class='ocr_line' id='line_1_60' title="bbox 1408 3195 2427 3263; baseline -0.003 -18"><span class='ocrx_word' id='word_1_388' title='bbox 1408 3198 1598 3263; x_wconf 88' lang='lat' dir='ltr'><em>quidem</em></span> <span class='ocrx_word' id='word_1_389' title='bbox 1615 3197 1914 3245; x_wconf 82' lang='lat' dir='ltr'><em>cancellarius</em></span> <span class='ocrx_word' id='word_1_390' title='bbox 1931 3197 2200 3262; x_wconf 78' lang='lat' dir='ltr'><em>episcopalis</em></span> <span class='ocrx_word' id='word_1_391' title='bbox 2215 3195 2427 3243; x_wconf 87' lang='lat' dir='ltr'><em>Lintien-</em></span> 
     </span>
     <span class='ocr_line' id='line_1_61' title="bbox 1407 3277 2428 3346; baseline -0.005 -17"><span class='ocrx_word' id='word_1_392' title='bbox 1407 3284 1496 3342; x_wconf 72' lang='lat' dir='ltr'><em>sie,</em></span> <span class='ocrx_word' id='word_1_393' title='bbox 1527 3299 1628 3346; x_wconf 81' lang='lat' dir='ltr'><em>quae</em></span> <span class='ocrx_word' id='word_1_394' title='bbox 1658 3290 1811 3345; x_wconf 79' lang='lat' dir='ltr'><em>aperte</em></span> <span class='ocrx_word' id='word_1_395' title='bbox 1846 3291 2055 3344; x_wconf 83' lang='lat' dir='ltr'><em>puguant</em></span> <span class='ocrx_word' id='word_1_396' title='bbox 2086 3297 2194 3327; x_wconf 90' lang='lat' dir='ltr'><em>cum</em></span> <span class='ocrx_word' id='word_1_397' title='bbox 2231 3277 2428 3326; x_wconf 88' lang='lat' dir='ltr'><em>Concilii</em></span> 
     </span>
     <span class='ocr_line' id='line_1_62' title="bbox 1407 3363 2430 3427; baseline -0.006 -15"><span class='ocrx_word' id='word_1_398' title='bbox 1407 3364 1685 3427; x_wconf 69' lang='lat' dir='ltr'><em>Tridentini</em></span> <span class='ocrx_word' id='word_1_399' title='bbox 1718 3363 1978 3426; x_wconf 86' lang='lat' dir='ltr'><em>dogmatica</em></span> <span class='ocrx_word' id='word_1_400' title='bbox 2021 3363 2289 3410; x_wconf 83' lang='lat' dir='ltr'><em>definitione</em></span> <span class='ocrx_word' id='word_1_401' title='bbox 2329 3397 2343 3419; x_wconf 91' lang='lat'><em>,</em></span> <span class='ocrx_word' id='word_1_402' title='bbox 2386 3370 2430 3407; x_wconf 87' lang='lat' dir='ltr'><em>et</em></span> 
     </span>
     <span class='ocr_line' id='line_1_63' title="bbox 1404 3439 2425 3494; baseline -0.007 0"><span class='ocrx_word' id='word_1_403' title='bbox 1404 3447 1647 3494; x_wconf 82' lang='lat' dir='ltr'><em>haereticali</em></span> <span class='ocrx_word' id='word_1_404' title='bbox 1674 3439 1864 3494; x_wconf 72' lang='lat' dir='ltr'><em>censura</em></span> <span class='ocrx_word' id='word_1_405' title='bbox 1895 3453 2051 3493; x_wconf 83' lang='lat' dir='ltr'><em>notata</em></span> <span class='ocrx_word' id='word_1_406' title='bbox 2079 3453 2187 3492; x_wconf 88' lang='lat' dir='ltr'><em>sunt</em></span> <span class='ocrx_word' id='word_1_407' title='bbox 2215 3446 2265 3491; x_wconf 87' lang='lat' dir='ltr'><em>in</em></span> <span class='ocrx_word' id='word_1_408' title='bbox 2290 3441 2425 3490; x_wconf 77' lang='lat' dir='ltr'><em>allata</em></span> 
     </span>
     <span class='ocr_line' id='line_1_64' title="bbox 1406 3526 2051 3589; baseline -0.005 -11"><span class='ocrx_word' id='word_1_409' title='bbox 1406 3529 1597 3579; x_wconf 71' lang='lat' dir='ltr'><em>Constit.</em></span> <span class='ocrx_word' id='word_1_410' title='bbox 1632 3530 1885 3576; x_wconf 79' lang='lat' dir='ltr'><em>Auctorem</em></span> <span class='ocrx_word' id='word_1_411' title='bbox 1915 3526 2051 3589; x_wconf 81' lang='lat' dir='ltr'><em>fidei.</em></span> 
     </span>
    </p>
   </div>
  </div>
 </body>
</html>
