2508 4120
272 59 391 119 264

914 77 1231 116 rnAcrA'rus
1276 79 1344 115 nn
1387 66 1766 120 mammonin.

359 223 496 282 121.
546 219 637 279 Ad
668 217 787 276 10¹1¹
811 262 828 291 ,
858 220 1016 293 Dist.
1048 220 1260 277 Votum
1284 217 1546 279 solemne
1573 220 1870 300 religionis
1899 245 2020 285 non
2044 239 2132 288 est
2159 229 2271 288 nisi
2300 250 2396 289 ec-

275 328 629 392 clesiastico
604 347 738 404 Jure
766 326 1107 386 institutum
1132 328 1325 409 quoad
1349 327 1821 405 solemnitatem,
1848 351 2030 402 cone„
2021 354 2035 367 ·
2058 337 2252 469 quoad
2280 338 2401 399 voti

271 422 697 496 substantiam
726 444 858 503 neq.

353 520 490 579 122.
533 519 743 578 Dices:
773 519 829 578 S.
850 498 1347 600 AugustinuS‚De
1377 525 1643 601 nuptiis,
1665 519 1765 580 lib.
1812 524 1836 579 I
1858 542 2026 603 ‚cap.
2071 523 2182 598 ll,
2212 525 2400 603 docet.

267 617 714 678 Matrimonium
740 627 935 675 ratum
975 628 1035 676 et
1064 639 1186 677 non
1222 616 1696 677 consummatum
1730 618 1983 696 firmius
2023 640 2147 679 esse
2180 630 2309 680 rato
2346 634 2404 683 et

267 723 691 779 consummato.
729 713 898 793 Ergo.

355 808 493 867 123.
528 810 702 890 Resp.
738 813 891 869 Dist.
922 808 1128 883 Quoad
1149 820 1426 869 mutuum
1453 830 1716 870 amorem
1735 856 1751 885 ,
1770 815 1939 889 juxta
1965 831 2204 893 scopum
2229 834 2408 894 quem

272 902 382 964 sibi
421 905 477 964 S.
501 907 715 964 Doctor
738 905 1043 987 proposuit
1069 905 1159 985 (l)
1186 951 1203 980 ,
1231 926 1423 995 ceoncg
1452 905 1647 988 quoad
1681 905 1872 967 foedus
1910 906 2205 988 conjugale
2224 953 2240 984 ,
2269 930 2399 989 neq.

1068 1127 1480 1182 PROPOSITIO
1520 1128 1610 1183 IV.

265 1298 527 1378 Propter
567 1299 841 1358 haeresim
884 1310 998 1358 aut
1037 1302 1342 1360 molestam
1379 1301 1877 1360 cohabitationem
1920 1312 2031 1359 aut
2068 1303 2407 1382 affectatam

269 1397 608 1456 absentiam
651 1421 692 1457 a
733 1402 981 1478 conjuye
1023 1398 1267 1457 dissolvi
1308 1419 1427 1457 non
1459 1409 1651 1478 potest
1671 1400 2064 1459 Matrimonii
2104 1403 2401 1460 iaculum.

354 1574 489 1633 124.
537 1577 620 1634 De
664 1574 779 1634 fide
818 1587 906 1634 est
951 1574 1072 1634 haec
1113 1575 1466 1656 propositio7
1509 1586 1575 1633 ut
1613 1587 1773 1656 patet
1816 1597 1888 1635 ex
1921 1598 2052 1636 can.
2100 1578 2144 1635 V
2170 1621 2185 1651 ,
2226 1597 2405 1657 quem

270 1670 372 1729 cit.
413 1691 550 1729 sess.
588 1669 968 1730 novatoribus
1011 1672 1285 1752 opposuit
1323 1670 1737 1730 Tridentinum

1794 1694 1807 1730 ε
1857 1674 1931 1730 Si
1973 1677 2111 1752 quis
2141 1674 2373 1732 dixerit
2389 1720 2405 1742 ,

263 1778 513 1846 propter
553 1768 829 1826 baeresim
873 1777 987 1825 aut
1030 1767 1334 1825 molestam
1366 1768 1864 1826 cohabitationem
1914 1779 2027 1827 aut
2071 1769 2410 1847 affectatam

270 1863 611 1921 absentiam
675 1885 717 1921 a
778 1866 1025 1943 conjuge
1089 1863 1337 1922 dissolvi
1370 1883 1542 1943 posse
1599 1863 1987 1923 Matrimonii
2047 1865 2363 1923 vinculum
2392 1904 2409 1926 ,

269 1959 603 2019 anathema
637 1963 734 2018 sit.

359 2055 498 2114 125.
549 2056 991 2115 Matrimonium
1017 2055 1177 2115 enim
1202 2064 1446 2136 propter
1470 2076 1564 2114 eas
1581 2075 1779 2114 causas
1796 2053 2037 2115 dissolvi
2069 2076 2187 2113 non
2215 2064 2410 2135 potest

273 2150 467 2234 quoad
510 2149 850 2226 vinculum⁷
897 2151 945 2209 si
987 2150 1250 2210 Christus
1294 2150 1548 2229 generali
1591 2150 1736 2230 legi,
1776 2172 1807 2208 a
1851 2171 1912 2208 se
1959 2151 2290 2209 constitutae
2335 2148 2409 2209 de

277 2356 560 2408 secularibus
581 2393 595 2417 ‚
626 2366 669 2407 et
703 2367 899 2422 potestas
933 2356 1058 2404 illius
1083 2356 1299 2404 concedi-

275 2450 351 2489 tur
387 2438 607 2488 omnibus
642 2476 656 2499 ,
697 2441 779 2505 qui
817 2439 1167 2487 Matrimonium
1202 2454 1298 2485 non

277 2531 720 2572 consummaverunt
737 2559 749 2583 ‚
771 2524 950 2572 etiamsi
973 2522 1098 2569 illius
1113 2520 1300 2569 vinculo

281 2612 387 2655 actu
404 2606 608 2654 adstricti
627 2609 738 2654 sint.
774 2605 899 2654 Ordo
918 2622 1026 2654 vero
1055 2605 1175 2653 infra
1193 2603 1301 2669 Epi-

287 2698 525 2753 scopatum
568 2706 667 2737 non
707 2690 951 2736 constituit
983 2688 1221 2735 hominem
1248 2689 1300 2735 in

282 2780 405 2819 statu
429 2771 748 2835 perfectionis,
785 2786 938 2835 neque
965 2771 1016 2816 in
1054 2772 1127 2817 via
1157 2770 1217 2817 ad
1242 2770 1300 2816 il-

278 2853 414 2916 lum3
440 2862 485 2902 et
507 2852 611 2901 ideo
636 2853 744 2900 licet
773 2856 962 2917 propter
995 2852 1297 2898 reverentiam

283 2938 402 2984 sacri
431 2936 673 2984 ministerii
691 2933 921 3000 expediat,
946 2932 1087 2982 semel
1111 2932 1298 2981 ordina-

284 3028 387 3067 tum
422 3036 519 3067 non
540 3021 729 3067 transire
742 3017 802 3066 ad
826 3018 1033 3081 nuptias;
1058 3014 1298 3083 nihilomi-

286 3119 377 3150 nus
407 3119 503 3150 non
524 3100 679 3150 decuit
705 3110 891 3165 propter
910 3097 1262 3146 Ordinationem
1280 3133 1297 3158 ‚

286 3204 387 3252 quae
417 3186 714 3251 perfectionis
739 3184 1073 3251 professionem
1107 3200 1203 3230 non
1234 3199 1298 3231 re·

290 3270 463 3334 quirit,
497 3268 738 3318 vinculum
774 3266 1056 3322 Matrimonii
1092 3265 1300 3313 dissolvi.

293 3350 591 3415 Episcopatus
621 3361 774 3399 autem
803 3351 911 3399 licet
941 3351 997 3397 sit
1028 3358 1172 3397 status
1199 3365 1304 3412 per-

1381 2356 1449 2403 illi
1476 2357 1616 2404 etiam
1649 2356 1876 2404 tributum
1911 2372 2008 2405 non
2034 2365 2101 2404 est
2127 2392 2141 2415 ,
2169 2365 2221 2404 ut
2249 2355 2414 2404 dissol-

1386 2447 1469 2486 vat
1498 2437 1874 2485 Matrimonium
1919 2443 2104 2501 ratum3
2147 2434 2214 2485 fin
2238 2439 2404 2487 isenim

1380 2520 1524 2587 hujus
1552 2521 1777 2586 privilegii
1816 2532 1914 2582 est,
1951 2522 2191 2570 hominem
2222 2521 2411 2587 expedi-

1382 2613 1483 2653 tum
1514 2604 1779 2671 relinquere
1809 2605 1867 2653 ad
1921 2606 2229 2669 profitendam
2266 2604 2406 2669 perfe-

1381 2689 1548 2735 ctionis
1579 2690 1722 2735 viam.
1756 2686 2012 2752 Hucusque
2043 2686 2236 2735 Suarez.

1449 2770 1515 2833 (2)
1560 2769 1805 2833 Proposuit
1839 2771 1965 2817 enim
2006 2770 2084 2817 hic
2121 2769 2210 2816 sibi
2245 2766 2297 2816 S.
2320 2766 2409 2816 Do·

1379 2861 1477 2900 ctor
1515 2853 1769 2912 ostendere,
1790 2869 1886 2900 non
1908 2852 2092 2900 dissolvi
2108 2853 2375 2916 conjugium
2393 2873 2407 2898 φ

1381 2936 1561 2982 etiamsi
1577 2937 1793 3000 conjuges
1808 2936 1903 2999 pari
1917 2951 2142 2982 consensu
2156 2935 2411 2982 constitue-

1380 3018 1472 3064 rint
1500 3034 1547 3065 se
1571 3016 1630 3065 ab
1661 3018 1789 3064 omni
1814 3016 2057 3080 complexu
2081 3016 2311 3082 conjugali
2324 3014 2410 3063 ab-

1383 3102 1551 3148 stinere
1572 3119 1583 3158 3
1616 3103 1678 3148 ait
1696 3102 1821 3148 enim
1851 3099 2063 3161 :Absit,
2083 3108 2137 3147 ut
2160 3101 2289 3147 inter
2305 3097 2410 3146 illos

1382 3181 1633 3230 vinculum
1669 3180 1916 3248 eonjuqale
1944 3190 2199 3246 rumpatur
2210 3202 2230 3240 ;
2263 3182 2409 3227 immo

1379 3265 1573 3327 firmius
1620 3265 1711 3312 erit
1744 3301 1759 3328 ,
1806 3281 1897 3328 quo
1939 3266 2097 3329 maqis
2143 3281 2198 3312 ea
2252 3271 2398 3329 pacta

1386 3365 1545 3396 secum
1578 3350 1787 3407 inierit,
1828 3365 1934 3413 qme
1986 3349 2148 3395 carius
2204 3362 2396 3406 eoncor-

287 3434 500 3482 fectionis
530 3436 760 3500 acquisitae
797 3444 843 3482 et
871 3432 1167 3491 exercendae,
1209 3449 1306 3480 non
1389 3430 1591 3495 eliasque
1639 3431 1872 3479 servanda
1909 3440 2054 3491 sunt,
2093 3446 2209 3479 non
2231 3427 2396 3492 volup·

285 3528 442 3564 tamen
482 3533 563 3580 per
600 3534 647 3565 se
680 3517 876 3565 includit
922 3515 1072 3565 media
1107 3514 1308 3565 efficacia
1390 3516 1532 3561 tariis
1579 3514 1785 3562 nexibus
1821 3530 2103 3580 corporum,
2131 3511 2212 3561 sed
2228 3509 2395 3559 volun-

286 3600 345 3648 ad
380 3598 711 3665 perfectionem
736 3600 1068 3666 acquirendam
1095 3634 1108 3659 ,
1140 3609 1184 3647 et
1205 3597 1307 3646 ideo
1387 3598 1528 3647 tariis
1547 3597 1795 3663 affectibus
1821 3599 2113 3646 animorum.
