2508 4120
334 82 451 141 416

992 85 1317 142 rascrnos
1342 100 1452 143 aa·
1475 99 1874 146 ιιιΑἰΊιιιιιοιηο.μ

334 268 536 309 omnes
574 244 819 306 enutriri
871 245 961 326 (1)
985 244 1016 303 'I
1064 246 1121 305 Si
1158 267 1298 306 vero
1351 245 1558 307 falsam
1582 293 1598 324 ‚
1651 269 1754 307 cur
1799 266 1919 308 non
1967 248 2321 332 modo'sibi,
2369 257 2469 317 sed

335 344 512 404 etiam
536 340 734 400 liberis
766 340 883 399 suis
907 341 1148 424 iniquus
1172 363 1296 401 esse
1326 341 1499 416 velit,
1526 355 1594 402 ut
1617 343 1862 426 impiam
1891 355 2110 403 sectam
2130 331 2472 428 profitentes

335 437 511 497 exitio
549 447 799 519 pereant
834 436 1244 518 sempiterno?
1283 437 1369 496 Ad
1411 437 1535 498 haec
1572 437 1719 497 libet
1758 460 2021 521 quaerere
2043 485 2059 514 .,
2093 462 2242 499 num
2273 442 2476 502 catho-

335 533 480 592 licus
512 543 684 614 pater
712 532 787 590 sit
817 531 1075 590 filiorum
1098 542 1334 591 tantum
1356 578 1370 592 .
1408 555 1484 591 an
1516 534 1695 592 etiam
1726 534 1978 593 filiarum
2015 536 2226 616 pater?
2258 538 2477 598 Simili-

338 650 454 711 que
481 629 710 688 ratione
727 674 743 703 7
768 650 915 686 num
941 639 1132 688 mater
1158 627 1444 688 catholica
1469 629 1722 699 filiarum
1743 643 1934 691 mater
1972 628 2219 692 dicenda
2255 634 2330 692 sit
2351 679 2367 708 ,
2400 656 2477 694 an

340 725 520 786 etiam
542 723 798 783 *filiorum
822 722 854 782 ’ἲ
878 723 1145 783 Profecto
1199 722 1344 783 tales
1381 736 1656 806 parentes
1701 726 1803 808 qui
1838 739 2012 801 sunt,
2055 739 2123 787 ut
2161 729 2241 788 sic
2291 729 2479 790 velint

339 819 602 881 sobolem
650 820 885 903 partiri,
925 819 1145 880 referre
1194 819 1340 879 mihi
1383 820 1662 880 videntur
1706 822 2051 898 mulierem7
2103 844 2240 905 quae
2282 846 2476 887 coram

337 916 651 977 Salomone
687 937 822 998 rege
853 914 1028 975 alteri
1067 914 1300 974 dicebat
1332 936 1348 975 ε
1391 916 1520 976 Neo
1552 917 1714 976 mihi
1747 940 1853 977 neo
1882 921 2001 978 tihi
2033 922 2143 989 sit,
2185 922 2290 980 sed
2313 922 2479 981 divi-

339 1015 531 1073 datur
556 1012 841 1093 (2).1m0
867 1011 1137 1095 pessimae
1157 1010 1393 1071 feminae
1417 1011 1828 1074 crudelitatem
1849 1013 2021 1096 longe
2051 1027 2349 1099 superant.
2374 1016 2479 1078 Illa

337 1109 502 1171 enim
528 1106 838 1191 cupiebat,
875 1117 940 1166 ut
964 1106 1178 1168 alienae
1214 1105 1431 1167 sobolis
1455 1108 1722 1168 membra
1752 1110 1813 1168 in
1856 1109 1998 1169 duas
2032 1123 2228 1193 partes
2261 1112 2480 1174 discer-

339 1216 662 1290 perentur3
703 1204 800 1263 isti
827 1225 971 1265 vero
1001 1202 1232 1287 prolem
1256 1224 1290 1261 a
1313 1223 1375 1262 se
1407 1203 1669 1284 genitam
1708 1206 1789 1264 sic
1815 1204 2127 1281 dividunt,
2155 1219 2221 1267 ut
2258 1230 2382 1268 non
2417 1210 2480 1270 in

341 1323 610 1384 corpora,
653 1300 759 1361 sed
796 1300 860 1360 in
902 1300 1130 1359 animas
1153 1299 1436 1374 saeviant,
1477 1298 1740 1381 dumque
1775 1322 1960 1360 unam
1996 1314 2228 1384 partem
2252 1304 2481 1364 Christo

338 1410 398 1459 et
420 1397 682 1458 Ecclesiae
704 1443 720 1472 ,
758 1396 1007 1457 alteram
1036 1395 1330 1478 impietati
1359 1407 1420 1454 et
1455 1395 1612 1455 malo
1634 1395 1889 1456 daemoni
1922 1397 2223 1460 addicunt.
2261 1402 2479 1461 Nonne

346 1498 412 1554 in
449 1516 726 1576 supremo
761 1492 970 1572 judic-ii
1007 1492 1103 1552 die
1158 1491 1274 1551 filia
1315 1490 1588 1551 haeretica
1626 1493 1978 1554 catholicum
2019 1506 2283 1575 patrem,
2330 1496 2482 1554 filius

342 1603 544 1651 autem
570 1591 878 1650 haereticus
909 1600 1163 1647 matrem
1205 1587 1551 1647 catholicam
1576 1590 1899 1666 justissime
1929 1589 2224 1650 accusabit
2262 1591 2351 1671 (3)
2371 1592 2402 1649 i>

430 1686 568 1746 348.
618 1688 821 1766 Neque
855 1705 996 1744 vero
1036 1684 1345 1764 quisquam
1378 1695 1678 1764 opponat,
1718 1705 1751 1742 e
1786 1683 2014 1743 duobus
2071 1685 2240 1744 malis
2291 1687 2484 1747 minus

345 1803 468 1842 esse
491 1780 852 1860 eligendum.
896 1778 1104 1859 Ecquis
1130 1778 1291 1837 enim
1330 1778 1471 1836 istos
1502 1778 1568 1836 in
1601 1799 1733 1837 eam
1769 1780 2175 1840 necessitatem
2204 1783 2483 1860 conjecit,

347 1890 413 1937 ut
446 1875 801 1937 alterutrum
831 1873 1166 1934 faciendum
1195 1872 1315 1931 sit?
1338 1874 1550 1932 Nonne
1581 1874 1763 1933 satius
1788 1886 1941 1934 esset
1959 1922 1977 1950 .,
2018 1887 2082 1934 ut
2103 1875 2387 1936 Catholici
2413 1876 2486 1937 ab

343 1974 609 2035 ineundo
637 1994 773 2032 cum
809 1971 1097 2031 haereticis
1137 1980 1239 2028 aut
1274 1967 1658 2028 schismaticis
1698 1971 2075 2031 Matrimonio
2109 1974 2348 2054 penitus
2386 1973 2487 2032 ab·

347 2070 682 2132 stinerenti’
724 2067 895 2127 Ultro
935 2068 1112 2146 igitur
1161 2064 1547 2153 volentesque
1588 2086 1714 2139 sese
1752 2067 1821 2125 iis
1860 2067 2110 2127 vinculis
2146 2068 2481 2151 implicant,

348 2167 562 2250 quibus
591 2164 807 2226 deinde
842 2185 960 2223 suae
995 2161 1183 2222 soboli
1212 2161 1565 2242 iniquissimi
1594 2182 1719 2220 esse
1749 2175 2056 2241 coguntur.
2087 2166 2289 2244 Neque
2312 2165 2482 2223 omit-

351 2263 607 2326 tendum
657 2272 784 2329 est..
827 2265 1135 2339 conjugem
1181 2256 1522 2317 haereticum
1564 2267 1667 2315 aut
1696 2256 2135 2317 schismaticum
2165 2258 2365 2318 multis
2413 2260 2486 2321 de

423 2457 491 2522 (l)
532 2455 656 2522 Quid
696 2463 918 2504 censeant
964 2452 1276 2500 protestantes
1322 2449 1379 2498 de

355 2540 566 2589 doctrina
596 2538 823 2587 catholica
840 2574 854 2597 ‚
902 2552 1171 2602 quanquam
1199 2552 1225 2581 a
1245 2531 1378 2580 Soci-

352 2624 507 2671 nianis
551 2631 600 2670 et
647 2619 940 2669 rationalistis
974 2655 989 2678 ‚
1045 2627 1099 2665 ut
1144 2616 1377 2673 vidimus,

352 2708 440 2754 toti
470 2708 565 2753 sint
597 2741 610 2763 ‚
641 2705 820 2769 liquet,
851 2703 1017 2751 ceteris
1035 2700 1346 2765 praetermissis
1366 2735 1380 2759 ,

355 2810 408 2840 ex
452 2787 758 2839 Catechismo
805 2785 1206 2850 Heidelberqensi
1243 2823 1255 2842 ,

357 2873 685 2923 Instructione
747 2872 802 2919 in
844 2871 1065 2918 doctrina
1114 2867 1385 2916 christiana

350 2974 445 3024 pro
487 2945 726 3004 Ecclesiis
766 2953 1036 3020 reformatis
1068 2989 1082 3010 ‚

358 3041 484 3091 edito
517 3038 786 3088 Sulzbachii
810 3054 933 3086 anno
977 3032 1136 3096 1826,
1171 3037 1221 3082 in
1250 3037 1386 3101 cujus

356 3125 582 3189 prooemio
599 3120 928 3189 praedicantes
945 3119 1166 3166 dicuntur
1193 3135 1292 3166 sese
1316 3119 1383 3166 ei-

1302 2801 1383 2833 Seu

1133 2954 1384 3000 novissime

358 3207 468 3256 dem
489 3205 800 3273 jurejurando
830 3203 1131 3268 obstringere.
1162 3202 1385 3267 Itaquein

357 3288 449 3336 hoc
473 3288 594 3336 libro
617 3285 921 3354 symbolice,
963 3301 1069 3351 pag.
1101 3281 1195 3340 36,
1223 3294 1386 3332 octava

360 3372 663 3434 interrogatio
679 3370 778 3418 haec
810 3379 877 3418 est
905 3386 920 3417 τ
946 3365 1209 3432 Quodnam
1235 3369 1387 3414 inter-

360 3451 488 3501 cedit
529 3452 793 3499 discrimen
816 3453 942 3499 inter
966 3466 1153 3511 omnam
1182 3447 1390 3499 Domini

362 3543 407 3583 et
434 3531 640 3583 Missam
663 3535 962 3600 papisticam
982 3533 1019 3580 Ρ
1052 3532 1192 3598 Resp.
1223 3531 1387 3580 Missa

362 3616 495 3666 nihil
508 3616 648 3666 aliud
660 3618 863 3683 proprie
903 3625 973 3665 est
998 3618 1103 3664 nisi
1129 3614 1387 3680 abneqatio

1466 2449 1608 2496 unici
1623 2449 1866 2511 sacrificii
1880 2458 1926 2497 et
1934 2452 2186 2516 passionis
2201 2450 2320 2500 Jesu
2347 2451 2489 2502 Chri-

1465 2532 1533 2579 sti
1586 2548 1644 2580 ao
1687 2531 1944 2582 maledicta
2000 2533 2283 2583 idololatria.
2325 2535 2489 2585 Nescio

1466 2625 1624 2663 utrum
1655 2616 1754 2664 haec
1808 2616 1859 2664 in
1899 2635 1979 2666 ore
2011 2623 2206 2666 istorum
2239 2619 2487 2668 hominum

1467 2702 1612 2748 risum
1627 2702 1771 2765 magis
1785 2719 1847 2748 an
1862 2703 2237 2765 indignationem
2254 2713 2487 2751 moveant.

1540 2782 1604 2848 (2)
1637 2782 1707 2830 Ill
1744 2783 1855 2848 Reg.
1889 2802 1974 2843 m,
2012 2781 2097 2834 26.

1539 2865 1608 2928 (3)
1643 2865 1823 2914 Exinde
1845 2877 2034 2932 apparet
2062 2868 2280 2932 iniquitas
2305 2866 2489 2916 illarum

1469 2949 1624 3016 legum
1643 2986 1656 3010 ,
1686 2950 1859 3016 quibus
1877 2955 2103 3011 sancitur,
2135 2962 2184 2999 ut
2204 2953 2395 3000 masculi
2411 2969 2491 3017 pa-

1455 3035 1582 3093 tris,
1638 3034 1830 3082 seminae
1874 3052 1983 3083 vero
2020 3038 2180 3083 matris
2220 3034 2492 3101 religionem

1472 3125 1705 3165 sectentur
1723 3155 1736 3177 ‚
1784 3127 1864 3165 aut
1887 3119 2012 3183 quod
2046 3117 2279 3174 deterius,
2305 3127 2357 3165 ut
2381 3118 2490 3164 uni-

1474 3217 1602 3248 versa
1642 3201 1795 3264 proles
1844 3210 1942 3248 orta
1973 3217 2028 3248 ex
2075 3201 2302 3267 conjugiis
2335 3200 2493 3246 mixtis

1471 3285 1740 3349 profieatur
1785 3283 2095 3349 religionem,
2141 3301 2284 3350 quam
2326 3290 2492 3330 vocant

1474 3366 1820 3414 dominantem.
1837 3364 2014 3413 Eadem
2043 3374 2140 3414 erat
2158 3365 2490 3430 Imperatorum

1473 3451 1769 3500 ethnicorum
1816 3453 1964 3512 ratio,
2005 3451 2087 3515 qui
2137 3449 2270 3498 editis
2313 3446 2490 3512 legibus

1476 3550 1638 3581 omnes
1670 3531 1926 3596 cogebant,
1963 3543 2012 3580 ut
2037 3534 2245 3597 gentium
2275 3527 2492 3595 supersti-

1472 3615 1623 3665 tiones
1651 3615 2003 3681 profiterentur.
