2508 4120
2081 178 2157 239 27
2163 181 2196 239 7

525 197 644 234 CAP.
696 200 756 235 11.
804 199 870 235 DE
916 199 1248 238 MATRIMONH
1292 201 1772 239 PROPRIETATIBUS.

99 359 354 420 prorsus
390 340 483 396 illi
519 341 858 397 conceditur
878 342 1106 410 aliam,
1131 347 1355 400 vivente
1379 347 1614 420 priore,
1653 343 2006 409 conducere,·
2048 342 2196 400 Lau-

107 437 271 510 nojus
297 430 660 491 incommoda
687 432 785 502 illa
824 433 998 494 verba
1025 457 1038 491 :
1068 436 1241 492 nulla
1281 440 1512 494 ratione
1537 442 1822 514 prorsus}
1852 457 1990 516 quae-
2013 447 2194 494 totam

103 516 421 585 immutant
453 527 836 600 sententiam,
871 527 1044 608 plane
1080 527 1332 585 sustulit.
1382 529 1526 587 Item
1569 529 1629 588 in
1667 529 1755 586 his
1796 530 2038 588 Joannis
2073 531 2196 588 VIII
2254 534 2257 537 ⁴

106 621 299 679 verbis
324 623 775 698 :Praecz‘pimus‚
797 643 982 699 neque
1002 624 1205 679 virum
1227 624 1306 679 ab
1327 643 1509 680 acrore
1524 644 1708 702 neque
1722 644 1964 681 uxorem
1986 645 2025 681 a
2045 626 2172 681 viro
2174 668 2195 695 ,

107 719 232 774 nisi
262 737 447 774 causa
471 718 931 793 fornicationis,
965 715 1251 773 discedere
1267 735 1288 783 ;
1326 717 1483 794 quod
1509 721 1567 774 si
1593 719 1664 775 ol>
1701 718 1804 775 hoc
1838 719 2199 787 discesserit,

107 830 346 874 manere
375 812 714 888 innuptum·
745 811 834 867 vel
874 814 1199 886 innuptam
1216 856 1232 877 ,
1284 811 1568 886 Launojus
1613 811 1950 871 immutavit
1988 813 2196 870 'vocem

106 906 209 963 Ιιοο
222 905 282 960 in
306 904 506 972 aliud,
531 924 643 983 qua
659 903 978 962 mutatione
992 901 1100 961 alia
1119 903 1358 961 omnino
1376 902 1571 962 evadit
1588 905 1879 962 Pontificis
1898 926 2062 964 mens
2081 906 2191 986 (l.)

110 999 377 1058 Crimine
427 999 522 1056 ah-
556 1017 676 1055 uno
708 998 862 1055 disce
900 1017 1114 1055 omnes,
1169 996 1238 1055 30
1266 997 1824 1073 Animadvertimus,
1874 1000 2192 1077 Launojum

105 1092 320 1151 multos
335 1111 562 1173 quoque
577 1092 772 1149 Patres
796 1090 904 1148 sibi
918 1092 1107 1150 favere
1123 1091 1497 1165 existimasse,
1517 1102 1822 1173 propterea
1842 1092 1999 1172 quod
2017 1092 2194 1155 verba

107 1187 319 1246 Christi
353 1187 658 1246 recitantes
683 1185 976 1244 affirmant
996 1231 1011 1260 7
1040 1186 1198 1244 nefas
1227 1208 1349 1245 esse
1369 1232 1384 1260 7
1430 1198 1667 1268 excepta
1697 1186 1972 1262 adulterii·
1993 1173 2198 1265 causa7

104 1302 343 1339 uxorem
368 1279 660 1338 dimittere
677 1290 736 1338 et
755 1279 925 1338 aliam
949 1279 1175 1339 ducere.
1196 1281 1332 1339 Haec
1354 1301 1492 1341 vero
1511 1282 1646 1341 satis
1660 1281 1965 1341 commode
1984 1285 2197 1363 exponi

103 1385 347 1456 possunt
373 1395 437 1434 ea
459 1374 682 1432 ratione
707 1419 722 1447 7
751 1395 862 1454 qua
879 1374 1255 1455 exposuimus
1273 1374 1449 1435 verba
1473 1375 1720 1449 Christi3
1755 1376 1898 1436 tales
1923 1387 2059 1435 sunt
2072 1376 2199 1435 Ori-

99 1490 294 1548 genes7
321 1467 728 1552 Tertullianus7
767 1468 1118 1541 Lactantius7
1152 1467 1402 1527 Hilarius
1427 1470 1798 1530 Pictaviensis
1826 1481 2000 1550 atque
2023 1469 2198 1528 Isido-

99 1585 196 1622 rus
235 1561 343 1642 (2).
378 1562 444 1619 40
468 1563 747 1620 Notamus
768 1605 784 1634 7
801 1582 1009 1620 eorum*
1026 1582 1269 1642 quoque.
1285 1562 1554 1641 suffragio
1584 1562 1813 1641 gloriari
1834 1564 2154 1640 Launojum
2177 1607 2193 1631 7

101 1679 243 1740 quos
265 1655 515 1716 debebat
544 1667 824 1736 tanquam
857 1654 965 1713 sibi
982 1656 1231 1714 maxime
1246 1654 1618 1733 adversantes
1634 1677 1939 1736 agnoscere
1958 1682 1973 1730 ς
1998 1656 2199 1715 laudat

99 1752 255 1812 enim
268 1753 326 1809 S.
346 1750 612 1809 Basilium
627 1761 800 1830 atque
816 1749 1228 1830 Epiphanium7
1246 1751 1348 1830 qui
1373 1772 1495 1809 non
1509 1751 1582 1809 ob
1600 1751 1787 1809 solum
1818 1749 2192 1825 adulterium7

100 1845 202 1905 sed
218 1855 277 1904 et
302 1855 539 1925 propter
566 1842 673 1901 alia
695 1842 907 1920 flagitia
935 1843 1288 1902 Matrimonii
1314 1844 1661 1903 solutionem
1677 1845 1954 1905 videntur
1978 1844 2198 1903 admit*

103 1951 223 2000 tere
246 1939 334 2018 (3)
351 1983 368 2015 7
388 1937 544 2019 quod
569 1948 723 1996 certe
755 1939 1039 2014 Launojus
1060 1954 1187 1996 'non
1212 1936 1380 1996 dicet.
1403 1937 1471 1995 50
1488 1940 1767 1997 Notamus
1791 1938 2043 2019 denique
2065 1983 2080 2012 7
2110 1932 2197 1996 nil

171 2117 239 2180 (l)
275 2116 391 2164 ibid.
433 2115 682 2163 Oli-servat.
714 2132 777 2174 iv,
809 2113 835 2180 ὃ
877 2114 955 2162 13.
981 2114 1101 2163 Cum

65 2226 67 2230 .
100 2197 281 2246 Marcus
306 2197 531 2245 Antonius
561 2196 630 2244 De
652 2196 863 2244 Dominis
884 2233 898 2251 ,
926 2213 979 2244 ex
1009 2213 1103 2260 quo

1187 2115 1316 2163 silius
1339 2113 1572 2164 Romanas
1609 2115 1731 2180 leges
1755 2153 1767 2174 ‚
1801 2133 1916 2181 quas
1950 2127 2106 2165 tamen
2132 2119 2201 2166 fa-

99 2280 370 2328 documenta
406 2297 485 2326 sua
513 2277 663 2325 hausit
700 2276 935 2342 Launojus
959 2313 973 2335 7
1023 2294 1103 2324 au-

101 2362 348 2408 ctoritatem
362 2358 388 2406 J
392 2361 551 2407 oannis
568 2373 646 2406 vm
659 2359 1014 2422 praetermisisset
1028 2363 1105 2405 ut-

102 2451 206 2506 pote
235 2439 338 2487 sibi.
354 2442 626 2487 contrariam
646 2474 660 2500 7
675 2440 796 2486 hanc
820 2438 978 2491 retulit
987 2440 1106 2487 Lau-

102 2523 237 2586 nojus
255 2529 391 2585 atque
411 2556 424 2576 7
448 2529 498 2566 ut
518 2522 568 2566 in
580 2521 850 2567 sententiam
867 2536 996 2566 suam
1011 2529 1106 2567 tra-

101 2600 232 2649 heret
257 2638 269 2660 7
310 2610 482 2648 textum
528 2601 718 2648 vitiavit.
762 2599 956 2662 Insignis
999 2616 1108 2648 sane

102 2683 302 2747 probitas
325 2683 525 2752 hostiurn
556 2679 769 2728 Ecclesiae
801 2680 1021 2727 Romanae
1044 2681 1054 2726 !

171 2764 231 2825 (Ξ)
261 2763 359 2811 cfr.
390 2763 655 2827 Toni-nely,
693 2763 782 2810 loc.
815 2764 894 2809 cit.
926 2781 969 2825 p.
1011 2757 1107 2807 263

104 2851 152 2895 et
183 2863 278 2910 seq.
312 2843 458 2892 Collet
480 2879 492 2903 ,
513 2861 589 2908 op.
616 2845 695 2891 cit.
719 2861 771 2890 n.
808 2839 896 2907 167
917 2852 960 2890 et
975 2857 1104 2906 seqq.

105 2931 190 2994 qui
210 2927 340 2991 longe
370 2930 531 2992 majori
567 2926 807 2990 diligentia
836 2927 886 2972 in
926 2922 1108 2990 singula

108 3007 282 3071 objecta
299 3007 482 3056 Patrum
499 3007 757 3056 Graecorum
770 3024 822 3053 ac
838 3006 1108 3056 Latinorum

108 3088 209 3135 loca
243 3090 433 3153 inquirit
461 3126 474 3147 7
530 3106 671 3154 quam
718 3087 982 3151 Tourne157
1035 3102 1110 3134 os-

112 3168 363 3234 tenditque,
386 3170 543 3231 saltem
559 3169 722 3216 dubios
738 3185 832 3216 esse
846 3159 1010 3225 textus,
1032 3171 1112 3232 qui

116 3267 169 3299 ex
206 3251 278 3298 his
308 3251 506 3318 'aliisque
550 3251 760 3300 Patribus
796 3250 1049 3298 afferuntur
1087 3268 1113 3298 a

119 3332 349 3398 Launojo.

189 3414 253 3479 (3)
292 3413 431 3462 Juxta
453 3414 563 3464 edit.
594 3414 746 3463 Maur.
767 3431 872 3478 opp.
892 3413 941 3462 S.
963 3413 1115 3462 Basilii

119 3498 168 3543 in
212 3496 371 3544 adnot.
420 3495 476 3542 ad
521 3512 625 3546 can.
667 3514 693 3543 v
740 3494 793 3542 S.
838 3493 1042 3543 Doctoris
1067 3497 1117 3542 in

124 3579 255 3641 epist.
298 3578 517 3625 canonica
563 3594 578 3623 1
623 3576 681 3624 ad
717 3573 1085 3640 Amphilochium
1103 3614 1114 3635 7

127 3673 228 3721 quae
240 3668 302 3705 est
329 3677 379 3706 n.
408 3674 647 3705 ctxxxvm.
668 3655 858 3705 Secutus
884 3666 949 3705 est
966 3656 1018 3704 S.
1036 3657 1119 3705 Ba·-

1184 2206 1303 2244 tetur
1335 2213 1440 2243 cum
1468 2195 1716 2260 Evangelio
1744 2198 1897 2244 minus
1922 2199 2197 2246 consentire.

1186 2277 1282 2324 Lex
1306 2276 1595 2325 Constantini
1617 2277 1750 2343 jubet
1767 2314 1780 2334 7
1799 2278 1855 2324 in
1868 2277 2068 2342 repudio
2084 2279 2202 2325 mit-

1186 2357 1325 2406 tendo
1362 2359 1617 2422 afemina,
1658 2359 1715 2405 in
1748 2356 1849 2405 hoec
1873 2357 1972 2405 sola
1995 2358 2202 2406 crimina

1189 2438 1409 2502 inquiri,
1452 2438 1498 2483 .ςί
1520 2436 1811 2485 homicidam
1841 2473 1854 2494 7
1895 2436 1969 2484 vel
1995 2438 2202 2486 medica-

1189 2520 1479 2566 mentariam
1499 2554 1512 2575 7
1557 2517 1630 2566 vel
1660 2516 2016 2582 sepulchrorum
2049 2518 2203 2566 disso-

1192 2599 1388 2646 lutorem
1412 2600 1641 2646 maritum
1676 2615 1818 2647 suum
1850 2616 1947 2647 esse
1969 2600 2202 2665 probave-

1137 2735 1140 2739 .
1191 2681 1273 2726 rit.
1303 2679 1362 2727 At
1391 2680 1550 2727 eadem
1571 2679 1669 2745 lege
1695 2683 1800 2728 viris
1823 2681 2116 2742 conceditur,
2152 2691 2203 2729 ut

1192 2760 1419 2808 adulteras
1457 2778 1619 2810 uxores
1672 2761 1924 2811 dimittant.
1984 2761 2203 2810 Basiliam

1193 2851 1408 2906 praeterea
1453 2845 1681 2891 censuisse
1709 2860 1832 2891 ream
1860 2843 2072 2892 adulterii
2108 2861 2204 2892 esse

1193 2938 1412 2981 uxorem,
1465 2939 1566 2988 quae
1615 2925 1787 2990 injuste
1837 2924 2023 2972 dimissa
2074 2924 2205 2972 alteri

1194 3006 1428 3067 nupserit,
1459 3006 1649 3052 minime
1678 3022 1784 3053 vero
1801 3007 2013 3053 maritum
2036 3041 2050 3063 7
2078 3002 2206 3067 juxta

1194 3085 1573 3134 consuetudinem
1632 3103 1735 3151 quae
1793 3097 1907 3134 tunc
1972 3084 2210 3133 obtinebat

1196 3166 1315 3230 apud
1333 3166 1505 3215 Graecos
1525 3205 1538 3228 7
1565 3167 1806 3215 arbitratur
1829 3167 1951 3215 idem
1974 3166 2210 3213 Maurinus

1197 3247 1371 3307 editor,
1409 3251 1487 3313 qui
1517 3258 1670 3296 tamen
1691 3249 1861 3311 adjicit,
1896 3245 1946 3293 S.
1966 3244 2211 3294 Doctorem

1199 3328 1328 3378 aliter
1374 3329 1580 3378 docuisse
1612 3339 1716 3377 ante
1747 3328 2088 3392 Episcopatum.
2124 3326 2212 3374 Ar-

1200 3410 1365 3460 cudius
1383 3449 1395 3471 ‚
1437 3412 1512 3460 De
1536 3409 1873 3470 Matrimonia,
1897 3426 2031 3475 capp.
2065 3424 2123 3457 Μ
2168 3420 2213 3458 et

1202 3508 1264 3540 22
1290 3531 1303 3554 7
1352 3497 1482 3541 omni
1527 3512 1618 3559 qua
1658 3500 1805 3556 potest
1843 3494 2016 3540 ratione
2052 3494 2213 3543 nititur

1210 3575 1365 3623 Basilii
1398 3575 1534 3623 verba
1550 3577 1599 3621 in
1615 3574 1792 3621 bonum
1820 3572 2209 3622 sensumtrahcre.
2278 3639 2282 3643 .

1204 3656 1335 3706 Certe
1364 3674 1459 3703 non
1489 3673 1581 3704 uno
1607 3658 1654 3703 in
1677 3655 1777 3704 loco
1806 3654 1857 3703 S.
1891 3654 2058 3703 Doctor
2084 3668 2210 3704 com,-
