2508 4120
2039 182 2153 242 357

611 221 732 261 CAP.
783 223 862 258 IV.
915 221 981 256 DE
1027 215 1398 255 MATleomls
1448 213 1661 251 nurus·

45 369 317 452 pastorali
365 366 702 425 fortitudine
743 361 1006 445 praediti,
1046 342 1197 418 mala
1243 354 1538 417 catholicae
1590 353 1724 412 fidei
1755 347 2158 432 impendentia

47 465 606 536 animadvertenteS,
639 457 793 518 virili
815 457 991 540 plane
1025 455 1222 513 animo
1248 475 1308 511 se
1340 471 1579 510 murum
1617 455 2018 529 opposuerunt
2050 463 2157 523 pro

46 561 219 619 domo
259 557 454 618 Israel.
500 556 601 614 Ast
629 553 838 612 horum
882 550 1029 609 alter
1066 548 1139 607 ab
1178 544 1572 606 archidioecesi
1612 564 1712 601 sua
1751 539 1986 600 avulsus
2024 547 2112 596 est
2142 580 2159 607 a

45 655 192 715 alter
234 675 371 714 vero
411 650 568 710 omni
609 649 832 708 ratione
878 655 1117 706 vexatus
1166 643 1228 699 in
1270 660 1523 700 moerore
1565 648 1625 697 et
1660 635 1930 715 lacrymis
1974 634 2155 694 vitam

46 848 207 895 russici
246 846 373 908 regni
410 843 694 906 negotiorum
739 849 885 902 gestor
934 835 1059 883 Bun-

47 944 125 975 sen
175 926 231 973 ad
266 924 479 973 articulos
518 919 832 969 conficiendos
868 922 916 965 in
949 933 1060 964 con-

45 998 261 1043 ventione
299 993 458 1040 habita
500 987 702 1038 Berolini
725 988 799 1034 die
843 1001 902 1052 19
931 984 1059 1033 Junii

56 1073 183 1139 1834
203 1113 217 1136 ‚
237 1075 408 1140 quibus
426 1071 731 1121 eludebantur
752 1084 1060 1133 quaecumque

49 1160 96 1204 in
132 1160 212 1206 cit.
248 1156 402 1216 Brevi
442 1154 512 1202 Pii
537 1169 618 1201 vm
660 1152 902 1198 constituta
930 1158 1060 1204 erant

49 1242 168 1288 circa
196 1238 550 1287 celebrationem
591 1232 910 1298 coniugiorum
940 1232 1059 1278 mix-

51 1332 224 1369 torum.
253 1320 403 1385 Hujus
419 1315 738 1367 conventionis
773 1315 1060 1363 existentiam

52 1412 312 1451 constanter
347 1401 526 1464 negavit
567 1397 758 1445 Bunsen
782 1433 795 1455 ‚
830 1397 1011 1460 quoties
1033 1413 1057 1443 a

50 1484 101 1533 S.
145 1482 262 1532 Sede
302 1483 360 1530 de
394 1499 445 1529 ea
489 1478 808 1543 interpellatus
860 1487 926 1525 est
955 1514 969 1535 ‚
1009 1487 1059 1524 ut

52 1573 228 1613 constat
258 1580 311 1612 ex
355 1564 438 1610 cit.
470 1558 786 1626 Expositicne
820 1569 864 1607 et
895 1576 950 1607 ex
978 1558 1059 1605 ad-

50 1649 179 1697 nexis
210 1647 514 1695 documentis.
550 1644 765 1692 Attamen
793 1643 943 1692 eidem
964 1646 1060 1709 jam

52 1728 410 1793 subscripserant
439 1727 591 1791 Episc.
615 1725 924 1782 Trevirensis,
959 1723 1063 1774 Μο-

53 1812 343 1859 nasteriensis
358 1819 401 1857 et
414 1807 821 1856 Paderbornensis.
841 1805 938 1854 Cfr.
955 1821 1066 1871 prae-

56 1902 174 1940 terea
205 1888 360 1955 Epist.
385 1892 471 1938 cit.
502 1906 605 1953 pag.
634 1888 716 1936 30.
753 1886 860 1936 Jam
883 1904 992 1935 vero
1013 1904 1066 1935 ex

57 1972 323 2020 seductione
365 1980 410 2018 et
443 1970 713 2018 infirmitate
744 1968 816 2017 his
846 1967 1068 2017 Gubernii

55 2052 341 2121 jussionibus
374 2055 557 2101 cessisse
583 2062 676 2099 tam
699 2053 850 2116 ipsum
878 2049 1069 2099 Archie-

61 2139 177 2200 pise.
211 2135 343 2182 Com.
376 2135 434 2183 de
483 2132 662 2199 Spiegel
706 2150 850 2199 quam
880 2132 1071 2198 Episco-

59 2234 142 2282 pos
172 2217 370 2281 reliquos
407 2216 610 2263 dubitari
640 2218 821 2280 nequit.
850 2214 984 2279 Quod
1004 2225 1073 2263 at-

60 2302 176 2347 tinet
194 2298 253 2347 ad
274 2309 362 2346 tres
382 2307 661 2345 memoratos
678 2297 941 2362 Episcopus,
965 2314 1074 2345 con-

65 2391 151 2429 stat
189 2397 243 2429 ex
289 2382 481 2428 solemni
518 2398 680 2428 eorum
719 2383 1070 2439 retractatione,

65 2463 315 2525 praesertim
348 2479 454 2508 vero
495 2461 710 2525 Episcopi
756 2461 1038 2509 Trevirensis
1059 2498 1072 2518 ‚

69 2560 175 2590 cum
217 2545 418 2590 animam
458 2552 646 2607 ageret,
691 2542 747 2590 de
793 2560 884 2606 qua
925 2551 1079 2606 postea

71 2625 307 2686 dicemus3
340 2624 464 2690 quod
494 2640 600 2672 vero
633 2633 801 2687 spectat
838 2623 906 2670 ad'
938 2622 1077 2670 Arch.

71 2704 206 2754 Com.
242 2706 299 2754 de
332 2705 540 2770 Spiegel,
579 2705 765 2770 planum
802 2706 854 2752 fit
904 2724 955 2753 ex
987 2707 1083 2770 epi·-

74 2788 185 2834 stola
210 2824 222 2845 ‚
260 2804 400 2851 quam
444 2787 501 2834 ad
530 2804 676 2834 unum
701 2804 752 2834 ex
783 2786 963 2850 collegis
995 2790 1085 2833 suis

75 2871 250 2933 scripsit
299 2869 373 2916 die
431 2868 494 2916 23
522 2869 627 2917 Jan.
685 2863 825 2918 1832.
857 2867 1086 2934 Quoniam

78 2967 182 2998 vero
209 2951 302 2998 baec
326 2951 514 3015 epistola
543 2951 752 2999 noudum
792 2952 974 3016 vulgata
999 2962 1084 3011 est,

1142 834 1196 880 ai
1219 835 1381 879 trouve
1403 847 1464 877 en
1498 839 1631 877 outre
1665 827 1916 890 confirmes
1947 842 2027 872 ma
2049 839 2164 872 con-

1142 914 1323 961 viction
1348 949 1360 970 ‚
1398 928 1488 975 que
1518 918 1650 959 notre
1682 910 1889 956 carr-iere
1915 945 1927 965 ‚
1975 908 2005 954 ὰ
2045 922 2171 953 nous

1142 997 1333 1059 &ceques
1363 991 1654 1056 catholiqnes
1671 1029 1684 1049 ‚
1716 999 1783 1038 est
1807 994 1954 1037 semee
1971 995 2170 1055 parton!

1141 1076 1353 1143 d’epines
1388 1075 1510 1123 dans
1543 1089 1631 1122 nos
1660 1076 1778 1120 etate
1816 1071 1873 1118 de
1911 1070 1958 1117 Ia
1992 1068 2168 1134 Confe-

1143 1160 1372 1207 deration
1430 1157 1761 1222 qermaniqne.
1821 1153 1958 1201 Nous
2012 1167 2164 1200 avone

1135 1244 1285 1308 peine
1316 1241 1347 1288 ὰ
1381 1256 1504 1287 nous
1535 1237 1803 1286 maintenir
1849 1235 2021 1283 debout
2053 1242 2099 1281 et
2140 1235 2171 1281 ὰ

1142 1321 1343 1387 remplir
1362 1359 1375 1382 ‚
1394 1336 1574 1368 comme
1602 1319 1643 1366 il
1665 1318 1915 1375 convient,
1948 1323 1993 1362 et
2023 1314 2170 1362 d’une

1141 1405 1357 1453 maniere
1390 1401 1527 1450 reelle
1553 1410 1598 1449 et
1620 1401 1900 1466 frnctneuse
1932 1398 1947 1461 (
1976 1400 2031 1444 in
2063 1413 2168 1444 rea-

1141 1487 1270 1534 litate
1310 1496 1355 1534 et
1390 1485 1665 1550 efficacitate
1682 1484 1696 1545 )
1716 1519 1732 1543 ,
1776 1481 1841 1530 les
1885 1479 2169 1542 obliyations

1141 1570 1230 1632 qni
1268 1582 1393 1615 nous
1420 1573 1534 1614 sont
1558 1567 1787 1630 imposees
1826 1563 1858 1610 ὰ
1887 1558 2066 1624 l’eqard
2093 1557 2174 1607 des
2251 1609 2259 1617 ‚

1144 1646 1344 1697 onailles
1380 1646 1578 1710 confiees
1624 1645 1655 1693 ὰ
1694 1659 1782 1692 nos
1824 1645 1976 1692 scine.
2027 1641 2084 1689 V
2079 1649 2176 1689 otre

1151 1727 1410 1780 Grandeur
1456 1726 1612 1776 desire
1659 1727 1911 1774 connaitre
1951 1744 2031 1774 ma
2063 1739 2171 1772 ma-

1146 1814 1282 1860 niere
1310 1812 1367 1859 de
1394 1812 1499 1858 voir
1533 1808 1857 1856 relativement
1894 1809 1925 1855 ὰ
1960 1807 2009 1856 la
2043 1822 2172 1854 mar-

1149 1894 1232 1942 che
1257 1894 1288 1942 ὰ
1313 1894 1474 1940 snivre
1501 1891 1624 1938 dans
1652 1889 1694 1936 le
1722 1906 1804 1937 cas
1830 1888 1911 1936 des
1935 1890 2175 1952 neariaqes

1132 1977 1340 2023 enimes.
1384 1973 1447 2021 Je
1484 1973 1786 2037 m’empresse
1840 1969 2178 2036 d'obte-mperer

1152 2059 1184 2106 ὰ
1224 2064 1353 2105 voire
1386 2053 1649 2112 demande,
1695 2054 1898 2117 quoique
1938 2070 2018 2101 ma
2069 2068 2177 2100 nta-

1153 2139 1287 2186 niere
1305 2137 1363 2185 de
1390 2138 1496 2185 vair
1523 2153 1582 2182 ne
1612 2133 1841 2182 concorde
1859 2151 1954 2198 pas
1987 2150 2101 2182 avec
2129 2132 2172 2179 Ie

1153 2228 1355 2270 contenn
1382 2218 1440 2266 de
1471 2216 1518 2264 la
1549 2217 1686 2282 piece
1715 2232 1805 2280 que
1841 2216 1899 2264 V
1893 2223 1990 2263 otre
2010 2218 2176 2264 Gran-

1154 2302 1274 2350 dem·
1300 2298 1399 2348 m'a
1423 2299 1786 2362 communiquee
1813 2296 2178 2359 confidentielle—

1154 2391 1302 2433 ment.
1355 2381 1408 2428 V
1408 2398 1441 2427 n
1483 2380 1653 2428 l'ordre
1685 2379 1753 2426 du
1783 2378 1974 2426 cabinet
2006 2378 2146 2444 royal
2162 2417 2175 2438 ‚

1157 2482 1218 2513 en
1259 2463 1368 2510 date
1403 2461 1470 2508 dn
1522 2477 1578 2527 ¹7
1627 2460 1759 2508 Αοτὶε
1812 2458 1939 2508 1825
1963 2496 1978 2522 ,
2021 2458 2193 2525 relatis

1160 2562 1260 2594 aux
1273 2560 1353 2591 cas
1374 2542 1431 2589 de
1460 2543 1680 2606 mariaqe
1693 2543 1840 2589 mixte
1859 2579 1872 2601 ‚
1891 2558 1956 2589 vn
1972 2578 1987 2603 ,
2005 2541 2175 2608 dis-je,

1162 2636 1232 2675 cet
1258 2624 1395 2673 ordre
1413 2660 1426 2682 ,
1444 2626 1531 2689 qui
1549 2632 1616 2671 est
1631 2640 1701 2670 un
1713 2625 2042 2688 empietement
2061 2639 2180 2688 pro-

1141 2737 1144 2740 -
1158 2707 1281 2772 fond
1315 2724 1402 2766 sur
1434 2705 1481 2754 la
1513 2707 1822 2753 constitution
1854 2706 1911 2754 de
1938 2705 2142 2770 l’quise
2167 2743 2181 2764 ‚

1166 2800 1210 2838 et
1246 2807 1343 2837 nne
1367 2787 1628 2849 violationi,
1653 2788 1757 2854 sai
1782 2804 1869 2836 cru
1902 2788 2066 2836 devoir
2100 2804 2184 2835 en-

1169 2871 1295 2920 lever
1335 2886 1436 2917 aux
1476 2873 1615 2917 cures
1655 2876 1700 2916 et
1739 2871 1909 2917 attirer
1952 2869 1984 2917 ὰ
2015 2869 2115 2917 moi
2137 2866 2188 2915 Ia

1170 2954 1513 3002 connaissance
1531 2950 1588 2998 de
1603 2958 1708 2998 ton-5
1723 2949 1788 2998 les
1804 2950 2039 3015 mariaqes
2066 2951 2192 2997 mia·-

80 3031 204 3096 quod
253 3035 392 3110 sciam
415 3070 428 3092 ‚
475 3033 623 3098 placet
657 3033 735 3080 hic
780 3051 881 3081 eam
916 3037 1091 3099 integre
1174 3044 1242 3083 tes
1261 3070 1275 3093 ‚
1306 3034 1408 3097 asin
1434 3033 1492 3080 de
1516 3033 1742 3096 qarantir
1781 3031 1829 3081 la
1857 3048 2002 3080 cause
2028 3031 2194 3078 sainte

83 3111 306 3177 subjicere
326 3150 338 3173 ‚
377 3132 478 3179 quae
522 3117 587 3162 sic
624 3116 737 3161 mihi
776 3115 933 3179 lingua
981 3116 1091 3181 gall.
1177 3117 1247 3164 du
1270 3123 1534 3163 sacrament
1565 3114 1623 3162 de
1651 3112 1895 3177 mariaqe,
1922 3121 1968 3160 et
2004 3111 2060 3159 de
2080 3114 2196 3177 pre-

90 3197 426 3244 communicata
463 3206 528 3244 est
557 3213 570 3243 :
595 3196 858 3261 J’eoeprime
886 3198 917 3244 ὰ
947 3196 1002 3244 V
1000 3209 1097 3246 otre
1178 3198 1450 3244 venirtonte
1466 3196 1686 3243 occasion
1708 3193 1974 3261 proclia-ine
1996 3192 2053 3240 cle
2070 3191 2195 3240 dan-

96 3274 357 3323 Grandem·
375 3276 421 3324 la
451 3279 843 3326 reconnaissance
867 3279 1099 3343 profonde
1179 3297 1275 3346 yer.
1321 3279 1405 3329 Un
1441 3284 1554 3327 cure
1603 3278 1726 3325 n’est
1793 3278 2004 3325 autori-se
2045 3276 2076 3324 ὰ
2115 3274 2198 3324 de-

92 3374 181 3421 que
200 3358 253 3420 je
284 3357 357 3404 lui
382 3359 484 3409 dois
509 3377 638 3425 pour
660 3359 706 3407 la
739 3359 869 3408 lettre
895 3361 1024 3409 riche
1041 3379 1100 3410 en
1183 3362 1385 3410 mandor
1429 3361 1476 3410 Ia
1520 3359 1814 3427 permission
1856 3358 2102 3407 d'assister
2135 3376 2204 3407 au

94 3446 296 3486 contenn
323 3440 436 3487 dont
459 3439 566 3490 Ello
592 3458 621 3489 a
640 3441 813 3506 claiqne
841 3442 1105 3491 m'lzoncrer
1185 3446 1400 3509 mariaqe
1425 3446 1438 3506 (
1460 3442 1706 3491 licentiam
1722 3441 2007 3506 assistendi)
2026 3441 2198 3506 qu’an-

93 3537 203 3568 sous
231 3520 279 3568 la
314 3521 420 3570 date
455 3523 520 3570 du-
552 3522 610 3587 14
646 3523 702 3571 de
733 3541 786 3571 ce
814 3525 951 3574 mois.
981 3525 1107 3573 Cette
1187 3536 1292 3575 tant
1327 3543 1417 3591 que
1458 3523 1524 3572 les
1559 3524 1723 3589 future
1751 3527 1907 3590 epona·
1942 3531 2026 3572 ont
2051 3522 2211 3570 donne

95 3601 226 3650 lettre
254 3620 284 3649 a
329 3607 427 3663 ete,
473 3621 583 3652 sous
621 3606 862 3673 beaucoup
905 3606 960 3654 de
999 3624 1110 3675 rap-
1192 3625 1287 3656 une
1315 3606 1609 3655 declaration
1632 3605 1898 3656 volontaire
1921 3621 2012 3670 que
2026 3612 2131 3653 tous
2143 3601 2209 3650 les

90 3693 220 3747 ports
248 3724 258 3742 ‚
301 3687 699 3735 tres-instructive
725 3704 852 3753 pour
881 3691 993 3735 moi.
1029 3688 1066 3734 J
1068 3689 1112 3753 'y
1197 3688 1371 3753 enfans
1405 3697 1560 3736 seo-ont
1593 3685 1738 3736 eleves
1779 3687 1902 3736 dane
1933 3686 1979 3734 la
2007 3684 2211 3748 reliqion
