2508 4120
491 214 608 250 cap·
653 212 716 249 11.
765 214 831 248 nn
874 211 1207 250 narnmoml
1248 189 1729 250 normani-mus.
2032 190 2151 253 237

64 354 237 436 prolis
279 354 636 432 generationi
684 352 1056 433 ejusdemque
1095 353 1479 426 institutioni3
1534 352 1695 412 nullo
1745 364 1939 414 autem
1975 354 2152 414 modo

64 450 362 522 evincunt7
387 447 771 528 polygamiam
803 469 924 505 non
947 448 1116 506 fuisse
1146 468 1178 506 a
1202 446 1429 506 Christo
1456 447 1519 505 in
1546 449 1706 512 Nova
1730 449 1875 527 Lege
1900 447 2145 529 abroga-

62 555 201 601 tam.
238 543 532 623 Siquidem
570 541 844 601 adversus
875 542 1021 601 facta
1057 542 1308 599 rationes
1345 542 1734 619 congruentiae
1764 564 1884 600 non
1923 543 2144 604 valent.

62 639 364 710 Ceterum,
401 657 528 717 quae
551 635 622 694 de
648 635 1011 694 orientalium
1041 634 1391 715 populorum
1425 634 1718 708 felicitate,
1752 657 1893 717 pace
1929 637 2151 697 domes«

61 734 172 790 tica
194 777 209 805 7
248 731 585 789 educatione
620 730 848 788 familiae
886 729 1185 787 ambitiose
1210 733 1505 804 jactantur
1528 774 1544 803 7
1589 730 1748 789 facile
1780 731 1917 812 ipsis
1948 754 2151 792 eorum

61 825 363 884 annalibus
381 837 440 884 et
462 825 814 906 experientia
842 823 1200 883 refelluntur.
1216 821 1327 880 Sed
1353 834 1628 902 praeterea
1661 824 1951 902 addimu3‚
1976 826 2151 886 felici-

61 932 239 978 tatem
270 920 431 978 illam
469 931 528 978 et
561 940 761 1000 pacem
800 919 866 976 iis
914 916 1233 976 rationibus
1268 928 1326 975 et
1378 916 1581 975 mediis
1619 918 1774 998 apud
1809 918 1939 977 illos
1982 941 2143 981 com·

62 1015 282 1095 parari,
317 1036 443 1095 quae
476 1024 696 1071 naturae
726 1023 897 1093 atque
937 1011 1118 1070 indoli
1155 1011 1438 1070 societatis
1469 1012 1744 1070 maritalis
1784 1014 2023 1072 omnino
2051 1036 2150 1074 re—

61 1119 337 1189 pugnant.
383 1110 598 1166 Uxores
651 1107 808 1165 enim
863 1107 926 1163 in
975 1126 1304 1185 gynecaeum
1351 1117 1628 1196 tanquam
1678 1107 1739 1164 in
1791 1120 2148 1187 perpetuum

60 1223 343 1260 carcerem
371 1200 758 1260 detruduntur
781 1201 906 1279 (l);
930 1200 1100 1258 liberi
1124 1201 1333 1273 etiam,
1363 1209 1552 1259 mares*
1580 1201 1946 1281 potissimum
1965 1246 1983 1278 ,
2016 1203 2148 1284 ple-

59 1317 304 1376 rumque
326 1295 588 1354 eunucho
613 1294 706 1354 vel
730 1315 897 1353 servo
913 1338 928 1368 ,
953 1317 1082 1353 raro
1104 1296 1307 1370 matri,
1333 1296 1395 1352 in
1418 1295 1779 1376 disciplinam
1806 1296 2140 1386 traduntur.

59 1391 268 1447 Utrum
298 1411 433 1459 vero
469 1388 588 1447 haec
620 1388 965 1469 appellanda
993 1389 1066 1446 sit
1092 1388 1392 1449 beatitudo
1424 1401 1482 1448 et
1507 1390 1746 1448 felicitas
1773 1435 1789 1464 ,
1829 1403 2027 1451 utrum
2047 1414 2146 1452 so-

58 1485 227 1542 cietas
257 1482 533 1541 maritalis
573 1494 631 1541 et
663 1482 914 1542 liberalis
963 1483 1215 1541 filiorum
1250 1484 1535 1542 institutio
1557 1529 1572 1557 ,
1629 1485 1765 1564 ipsis
1806 1485 2144 1566 polygamiae

57 1579 311 1659 patronis
332 1578 837 1660 pronunciandum
859 1577 1258 1659 relinquimus,

841 1783 1245 1837 PROPOSITIO
1283 1785 1353 1837 ΙΙ.

57 1955 505 2010 Matrimonium
529 1953 606 2009 ab
635 1952 976 2028 infidelibus
1008 1954 1263 2030 leyz'time
1289 1963 1660 2010 contractum
1704 1955 1948 2012 dissolvi
1962 1967 2143 2033 potest

134 2048 329 2125 quoad
351 2051 651 2104 vinculum
668 2094 684 2115 ,
707 2050 791 2116 si,
814 2049 1095 2106 alterutro
1112 2052 1355 2126 coffgy‘uye
1378 2049 1650 2126 adsidam
1679 2070 1971 2122 conversa,
1996 2054 2144 2110 nolit

134 2143 285 2199 alter
309 2163 443 2200 cum
468 2163 527 2200 eo
548 2143 791 2220 pacifice
822 2147 1046 2214 vivere,
1083 2145 1171 2200 vel
1202 2163 1321 2201 non
1357 2147 1681 2201 consentiat
1715 2145 1986 2203 habitare
2013 2152 2141 2205 sine

64 2217 65 2220 Ἴ
132 2239 487 2294 contumelia
526 2238 839 2296 Creatoris.

137 2425 231 2481 66.
276 2425 408 2481 Haec
429 2425 738 2503 propositio
754 2436 908 2483 certa
925 2436 1032 2484 est.
1059 2426 1163 2483 Vix
1188 2426 1346 2484 enim
1362 2447 1618 2505 unquam
1637 2425 1708 2485 de
1725 2427 1876 2486 illius
1894 2431 2136 2491 veritate

55 2515 384 2575 dubitatum
429 2518 540 2574 fuit
575 2539 754 2597 usque
794 2517 870 2576 ad
897 2519 1155 2578 medium
1201 2519 1456 2577 seculum
1501 2531 1830 2579 anteactum
1865 2545 1936 2582 ex
1971 2544 2139 2583 occa-

56 2611 214 2669 sione
259 2610 529 2668 solemnis
569 2611 817 2684 decreti,
856 2611 1013 2691 q'uod
1040 2634 1352 2695 supremus
1393 2614 1636 2672 Senatus
1670 2617 2001 2677 Parisiensis
2040 2619 2136 2679 die

54 2704 240 2762 2Jan.
281 2704 433 2762 1758
450 2704 630 2763 edidit
656 2706 727 2763 ad
755 2707 1215 2764 confirmandum
1227 2706 1507 2784 judicium
1531 2707 1713 2768 latum
1731 2732 1762 2768 a
1778 2706 1930 2770 curia
1957 2715 2136 2774 Sues-

55 2800 300 2871 sionensi
323 2798 416 2858 die
432 2799 467 2856 5
483 2798 645 2858 Febr.
677 2800 828 2859 1756
853 2801 914 2858 in
940 2821 1104 2859 causa
1146 2803 1182 2860 J
1188 2801 1330 2861 udaei
1355 2803 1571 2862 Borach
1592 2804 1727 2864 Levi
1755 2808 2137 2888 Argentinen-

122 3001 186 3063 (l)
222 3000 382 3050 Comes
399 3002 460 3051 -de
490 3000 675 3050 Maistre
701 3038 714 3061 ‚
750 3000 840 3049 Du
872 3002 1043 3066 Papo,
1128 3003 1376 3066 adduxerat
1423 2996 1786 3058 observationem
1843 3012 1905 3061 D.
1953 3013 2137 3062 Bacha-

55 3081 137 3129 liv.
163 3098 245 3140 ιιι,
275 3083 349 3131 ch.
385 3099 412 3130 2
440 3121 454 3147 ,
494 3087 695 3148 apposite
725 3084 880 3132 scribit
919 3102 934 3133 :
971 3085 1047 3134 La
1127 3102 1257 3145 nan,
1302 3089 1385 3151 qui
1417 3089 1467 3135 in
1506 3106 1581 3153 op.
1618 3090 1866 3140 Christian
1898 3094 2133 3142 Rechear-

50 3162 221 3224 semme
249 3171 315 3208 est
331 3163 547 3228 plusque
562 3164 779 3212 l'komme
806 3166 1047 3215 redevable
1128 3165 1235 3213 ches
1263 3168 1318 3214 in
1356 3168 1405 3215 A
1411 3171 1485 3216 sia
1506 3208 1519 3229 ‚
1555 3181 1644 3219 etc.
1690 3173 1750 3237 hy
1783 3174 1857 3221 tlte
1881 3177 1954 3222 R.
1984 3174 2132 3223 Clau-

41 3258 119 3288 ·au
158 3242 523 3295 christianismo.
559 3247 679 3294 C’est
708 3246 765 3293 de
793 3245 869 3294 lui
884 3247 1049 3311 qu’elle
1130 3245 1240 3293 dius
1260 3247 1562 3311 Buchanan,
1585 3270 1686 3318 pag.
1704 3254 1788 3316 66,
1809 3256 1958 3303 Lond.
1978 3255 2125 3317 1812,

55 3326 176 3368 tient
200 3330 322 3370 toute
350 3341 403 3372 aa
426 3325 623 3389 diqm'te.
641 3327 716 3374 La
725 3326 896 3390 semme
916 3327 1048 3376 chre·
1129 3332 1364 3393 scripserat
1404 3348 1418 3380 :
1466 3331 1600 3380 Dans
1633 3345 1734 3382 tous
1763 3334 1827 3382 les
1845 3353 1970 3401 pays
2003 3335 2064 3385 οἰι
2090 3337 2131 3386 le

58 3404 215 3450 tienne
236 3412 304 3450 est
337 3407 573 3454 vraiment
598 3424 669 3455 un
699 3410 793 3455 &tre
820 3417 1048 3457 sumatu-
1127 3411 1480 3463 christianisme
1494 3432 1555 3464 ne
1574 3417 1815 3483 reynepas
1830 3455 1843 3478 ,
1859 3436 1921 3467 on
1947 3420 2134 3469 observo

58 3483 157 3541 rel,
191 3485 465 3550 puisqu’elle
500 3497 566 3535 eet
589 3487 796 3537 soulevee
822 3496 869 3537 et
889 3493 1051 3538 main·
1130 3510 1222 3542 une
1238 3498 1447 3544 certaine
1468 3497 1693 3547 tendance
1706 3500 1737 3548 ὰ
1757 3499 1803 3549 la
1818 3499 2132 3566 dbqradation

59 3573 196 3613 tenue
219 3583 315 3630 par
347 3567 420 3614 lui
434 3569 630 3632 jusqu'd
664 3586 733 3617 un
760 3574 854 3617 etat
883 3572 969 3636 qui
990 3588 1052 3620 ne
1131 3575 1211 3624 des
1234 3577 1443 3643 femmas.

58 3641 132 3693 lui
173 3655 241 3695 est
267 3664 360 3714 pas
400 3649 600 3700 natural.
632 3650 774 3702 Paulo
815 3661 922 3702 ante
959 3652 1051 3719 jam
