2508 4120
260 190 378 251 136

976 213 1293 252 TRACTATUS
1336 217 1404 253 ΒΕ
1447 216 1669 255 ORDINE.

259 355 547 415 Armenos
584 355 658 413 ad
695 353 1162 414 uniformitatem
1200 376 1334 415 cum
1369 355 1614 417 Ecclesia
1652 362 1911 419 Romana
1969 361 2033 418 in
2076 360 2386 422 collatione

260 452 586 522 Ordinum7
633 449 883 531 ideoque
921 450 1073 543 hanc
1104 451 1289 511 solam
1334 453 1718 532 recensuisse,
1767 477 1945 538 quam
1994 457 2230 516 Armeni
2264 479 2386 517 non

262 545 626 606 adhibebant
662 544 771 624 (l).

348 640 460 699 127
473 687 485 697 .
514 642 584 698 Et
608 640 729 699 haec
753 642 996 722 quidem
1025 643 1402 703 disseruimus
1426 688 1442 719 7
1471 634 1800 726 spectantes
1824 647 2205 728 quaestionem
2235 645 2391 707 hanc

259 738 323 794 in
352 735 644 795 abstracto
666 782 682 810 7
721 748 787 795 ut
824 737 1069 813 dicitur,
1109 761 1210 798 seu
1241 739 1631 820 speculativet,
1663 752 1920 800 ceterum
1953 764 2087 802 cum
2127 744 2189 801 in
2226 743 2394 825 praxi

260 831 442 890 tutior
469 854 603 912 pars
631 833 694 890 in
731 833 1238 895 administratione
1276 837 1787 895 Sacramentorum
1817 840 2003 898 teneri
2042 838 2289 912 debeat,
2330 860 2395 898 ac

262 927 499 1009 optimae
528 940 685 988 notae
714 928 990 1009 Theologi
1022 931 1282 991 diversas
1307 933 1630 990 sententias
1661 944 1937 991 tueantur
1959 977 1975 1006 ,
2014 933 2151 993 hinc
2175 934 2396 1015 absque

263 1024 516 1104 piacuIO,
550 1023 833 1084 alterutra
866 1048 987 1084 non
1009 1038 1208 1108 posset
1239 1028 1431 1086 omitti
1459 1027 1676 1087 scilicet
1700 1040 1800 1086 aut
1839 1050 2124 1087 manuum
2148 1030 2396 1109 imposi-

264 1120 347 1179 tio
384 1131 486 1179 aut
525 1121 1058 1180 instrumentorum
1093 1124 1418 1203 porrectio,
1467 1144 1539 1182 ex
1563 1122 1773 1205 quibus
1792 1126 1960 1202 juxta
1987 1123 2183 1206 plures
2208 1123 2399 1183 Theo-

265 1214 425 1295 logos
450 1217 513 1275 in
543 1217 791 1277 Ecclesia
823 1218 1025 1276 Latina
1052 1219 1295 1277 materia
1325 1218 1522 1281 totalis
1548 1231 1607 1279 et
1630 1219 1929 1302 adaequata
1956 1241 2130 1279 sacrae
2156 1219 2402 1279 Ordina-

264 1314 441 1375 tionis
471 1312 760 1372 coalescit.
809 1315 979 1387 Quod
1013 1315 1061 1372 si
1103 1314 1340 1374 traditio
1377 1316 1908 1375 instrumentorum
1951 1317 2162 1374 omissa
2205 1327 2356 1375 esset
2382 1361 2398 1391 7

266 1408 508 1469 deberet
530 1411 774 1470 omnino
804 1409 1099 1492 suppleri7
1125 1414 1245 1470 imo
1270 1422 1393 1470 tota
1421 1423 1571 1471 esset
1598 1412 1706 1471 sub
1729 1412 2063 1472 conditione
2093 1412 2400 1471 Ordinatio

265 1506 531 1566 iteranda
552 1554 566 1582 7
599 1520 776 1588 prout
803 1530 835 1566 a
871 1530 1028 1567 sacra
1060 1509 1518 1588 Congregatione
1542 1511 1833 1569 sancitum
1862 1522 1950 1570 est
1973 1555 1988 1585 7
2030 1509 2188 1592 apud
2213 1511 2400 1568 Bene-

267 1601 491 1662 dictum
537 1606 701 1677 XIV,
742 1606 834 1663 De
857 1605 1103 1682 'Synodo
1141 1604 1251 1684 (2).

356 1700 494 1758 128.
544 1702 614 1757 ΙΙ.
642 1702 726 1758 De
758 1698 1019 1778 subjecto
1050 1699 1455 1759 Ordinationis
1493 1721 1674 1781 pauca
1698 1722 1730 1759 a
1759 1699 1928 1760 nobis
1961 1700 2210 1760 dicenda
2237 1709 2398 1758 sunt.

274 1798 487 1855 Ratum
521 1796 741 1877 quippe
769 1807 829 1854 et
865 1794 1236 1876 exploratum
1265 1806 1354 1855 est
1382 1796 1542 1877 apud
1569 1817 1773 1855 omnes
1791 1842 1806 1870 7
1834 1797 1909 1854 ad
1944 1796 2204 1857 valorem
2232 1794 2407 1853 Ordi-

272 1892 528 1950 nationis
583 1893 645 1949 10
690 1891 907 1972 requiri
953 1891 1344 1949 masculinum
1393 1904 1619 1950 sexum.
1672 1891 1918 1951 Ecclesia
1967 1891 2126 1950 enim
2180 1911 2411 1970 semper

273 1999 537 2047 execrata
577 2000 666 2046 est
715 1987 1140 2062 Marcosianos7
1189 1988 1573 2046 Montanistas
1616 1998 1676 2046 et
1716 1987 2136 2068 Collyridianos
2184 2007 2408 2045 sacram

278 2083 724 2142 Ordinationem
757 2083 1102 2144 mulieribus
1135 2083 1524 2143 conferentes,
1557 2085 1876 2164 Nunquam
1904 2095 2007 2141 aut
2043 2084 2105 2141 in
2143 2081 2269 2161 lege
2297 2103 2407 2139 na-

276 2190 425 2245 turae
464 2191 564 2237 aut
591 2180 653 2236 in
681 2178 806 2257 lege
834 2180 1079 2236 Mosaica
1106 2171 1324 2236 femina
1349 2178 1465 2235 ulla
1492 2179 1663 2236 sacris
1690 2178 1970 2236 altaribus
1998 2178 2237 2235 admota
2266 2187 2355 2235 est
2391 2201 2407 2249 ς

278 2296 389 2333 nec
429 2274 694 2332 Christus
732 2295 922 2354 neque
966 2273 1224 2354 Apostoli
1274 2273 1367 2332 vel
1403 2275 1589 2354 ipsam
1630 2274 1941 2355 Deiparam
1986 2274 2279 2352 Virginem
2307 2272 2413 2330 Sa-

281 2369 541 2430 cerdotio
569 2380 952 2428 exornarunt.
990 2372 1115 2427 Imo
1150 2369 1458 2451 Apostolus
1484 2368 1696 2428 Paulus
1724 2415 1740 2445 7
1768 2372 1791 2427 Ι
1820 2369 1896 2427 ad
1922 2371 2053 2428 Cor.
2090 2370 2217 2427 XIV
2242 2414 2258 2444 7
2297 2366 2374 2426 34
2396 2412 2413 2443 7

356 2622 422 2684 (1)
445 2621 549 2670 Jam
568 2621 679 2669 alias
704 2622 993 2679 monuimus,
1026 2638 1126 2685 quae
1151 2620 1311 2668 retulit

287 2704 525 2768 Eugenius
560 2721 604 2750 ιν
631 2703 928 2751 in-Instruct.
963 2702 1273 2751 Armenorum
1295 2740 1308 2763 7

288 2786 532 2849 desumpta
562 2801 657 2833 esse
676 2786 735 2832 ad
762 2785 953 2832 verbum
975 2802 1028 2832 ex
1045 2786 1267 2849 opusculo
1286 2803 1312 2833 v

291 2866 343 2916 S.
364 2867 559 2914 Thomae
582 2906 598 2927 ,
629 2865 702 2915 De
718 2864 1065 2916 Sacramentis.
1097 2867 1313 2914 Ceterum

290 2968 397 2999 cum
428 2950 646 3015 pleraque
670 2949 804 3015 allata
836 2951 1114 2997 documenta
1142 2967 1237 2996 non
1260 2967 1314 2997 ex

293 3033 388 3081 sola
412 3032 615 3080 Ecclesia
643 3031 854 3079 orientali
878 3041 994 3079 etex
1014 3030 1316 3078 orientalibus

294 3115 594 3179 scriptoribus
617 3152 630 3174 ,
663 3132 825 3162 verum
853 3116 993 3162 etiam
1023 3132 1077 3162 ex
1109 3114 1311 3161 Ecclesia

296 3207 342 3245 et
373 3197 672 3263 scriptoribus
700 3197 877 3244 Latinis
916 3198 1160 3259 desumpta
1192 3199 1314 3255 sint,

300 3280 468 3327 exinde
519 3279 745 3327 refellitur
790 3278 1019 3326 Harduini
1062 3273 1316 3337 sententia,

301 3364 383 3425 qui
408 3365 588 3410 censuit
609 3400 621 3421 7
645 3361 786 3409 aliam
808 3363 1047 3408 materiam
1074 3378 1155 3425 pro
1182 3363 1319 3408 sacris

302 3441 680 3512 Ordinationibus
700 3443 751 3492 S.
769 3444 964 3491 Paulum
982 3441 1317 3502 Orientalibus,

303 3525 443 3572 aliam
472 3522 523 3573 S.
555 3525 739 3574 Petrum
777 3525 1147 3574 Occidentalibus
1180 3524 1321 3572 tradi-

304 3608 450 3671 disse,
481 3618 578 3655 tum
609 3612 744 3656 etiam
774 3610 962 3657 illorum
989 3609 1211 3673 placitum
1244 3625 1325 3655 ex-

306 3689 539 3752 cluditur,
595 3693 676 3756 qui
723 3691 894 3741 vellent
929 3693 1170 3741 materiam
1203 3691 1325 3740 adae-

1397 2630 1587 2685 quatam
1610 2638 1692 2685 pro
1716 2618 1880 2669 Graecis
1904 2637 1998 2669 esse
2027 2619 2171 2668 solam
2192 2636 2416 2667 manuum

1396 2705 1739 2767 impositionem
1773 2740 1786 2762 ,
1835 2720 1916 2766 pro
1973 2701 2150 2749 Latinis
2196 2709 2415 2764 praeterea

1397 2803 1495 2834 esse
1525 2788 1941 2833 instrumentorum
1971 2784 2288 2831 traditionem.
2326 2779 2416 2845 Qui

1399 2870 1524 2915 enim
1544 2869 1605 2914 ita
1625 2877 1814 2914 censent
1832 2903 1844 2923 7
1866 2883 2030 2930 parum
2050 2882 2097 2912 se
2123 2873 2320 2912 versatos
2341 2880 2418 2911 os-

1400 2951 1600 2998 tendunt
1615 2952 1664 2996 in
1679 2951 1962 3014 antiquitatis
1982 2950 2315 2996 monumentis.
2338 2947 2413 2994 Li-

1401 3043 1472 3080 cet
1512 3034 1690 3079 veroin
1736 3030 1909 3078 Ordine
1952 3030 2162 3078 Romano
2206 3041 2248 3078 et
2282 3029 2418 3078 Rom.

1401 3113 1659 3161 Pontifieali
1716 3116 2136 3161 instrumentorum
2189 3115 2419 3176 porrectio

1403 3196 1720 3261 praescribatur
1746 3199 1796 3243 in
1810 3196 2054 3243 collatione
2078 3196 2294 3242 ordinum
2322 3194 2422 3242 hie-

1403 3279 1712 3326 rarchicorum
1736 3316 1748 3337 7
1791 3288 1992 3326 attamen
2040 3295 2146 3325 cum
2180 3279 2422 3327 vetustiora

1405 3361 1679 3408 documenta
1710 3379 1811 3408 eam
1844 3377 1937 3407 non
1967 3360 2201 3418 habeant,
2223 3363 2337 3417 imo,
2372 3367 2423 3403 ut

1407 3444 1607 3491 vidimus
1629 3479 1645 3504 ,
1665 3443 1912 3491 excludant
1933 3478 1945 3497 ‚
1974 3442 2307 3506 ambigendum
2327 3456 2422 3486 non

1409 3535 1504 3584 est,
1522 3542 1762 3589 progressu
1790 3527 2007 3590 temporis
2031 3524 2157 3572 illam
2189 3524 2327 3571 fuisse
2338 3520 2423 3568 ad-

1408 3611 1596 3674 jectam.

1481 3690 1547 3754 (2)
1577 3690 1683 3739 Lib.
1713 3705 1827 3751 vlu,
1861 3707 1964 3755 cap.
2006 3704 2063 3737 10
2085 3725 2099 3749 ‚
2137 3683 2263 3751 §13.
