2508 4120
345 94 461 154 308
987 111 1312 150 usmarus
1356 112 1423 149 mi
1471 113 1849 155 nummum.
1874 124 1879 128 ·

344 256 578 318 eludere
614 253 844 334 quasvis
887 252 1257 312 definitiones
1305 254 1586 313 adversus
1626 278 1757 315 suos
1795 278 2018 318 errores
2046 261 2211 323 latas.
2267 266 2471 323 Actum

341 363 491 414 esset
512 349 585 407 de
610 346 1025 409 infallibilitate
1056 348 1317 410 Ecclesiae
1338 395 1353 424 ,
1400 371 1528 431 quae
1559 349 1788 411 decreta
1826 353 2157 415 Tridentini
2188 369 2471 441 tanquam

339 445 585 507 totidem
618 443 751 504 fidei
793 442 1067 503 articulos
1107 457 1385 505 venerata
1426 457 1534 506 est.
1567 448 1646 506 Ex
1690 447 1780 508 his
1805 448 2081 510 discimus
2103 496 2119 526 ‚
2156 473 2272 533 quo
2294 467 2471 515 ruant

341 541 512 601 aulici
543 539 828 620 ejusmodi
857 542 1187 623 scriptores,

422 638 558 697 195.
603 636 693 697 Ad
731 636 814 696 311¹
839 636 1042 717 Ney.
1082 639 1231 696 Tum
1267 639 1436 720 quia
1477 650 1542 697 ut
1583 639 1866 718 diximus,
1905 641 2162 701 Ecclesia
2206 641 2334 702 illos
2371 666 2472 706 ca-

337 755 522 794 nones
565 745 850 815 tanquam
893 732 1255 813 dogmaticos
1306 735 1585 814 agnovit·
1640 747 1771 794 tum
1814 737 1948 818 quia
1996 736 2299 814 doctrina,
2345 760 2473 821 quae

337 829 514 892 seculi
559 827 926 911 Principibus
977 829 1285 888 dumtaxat
1337 829 1547 889 tribuit
1601 842 1954 912 potestatem
1996 834 2368 913 originariam
2410 856 2476 894 ac

339 927 640 1010 propriam
691 924 987 984 statuendi
1035 923 1460 1006 impedimenta
1518 927 1962 986 Matrimonium
2012 927 2386 1005 dirimentia,
2442 952 2473 989 a

337 1023 439 1082 Pio
465 1023 545 1082 VI
569 1067 584 1096 ,
624 1022 688 1079 in
725 1032 908 1080 const.
955 1022 1269 1081 Auctorem
1308 1022 1492 1100 fidei,
1544 1022 1874 1089 liaereticali
1906 1035 2046 1082 nota
2089 1026 2317 1084 confixa
2358 1037 2469 1085 est.

340 1119 532 1192 Quare
555 1164 570 1192 .,
617 1138 753 1177 cum
782 1117 1071 1194 Launojus
1100 1118 1367 1175 omnium
1403 1118 1626 1199 primus
1662 1140 1878 1181 novam
1917 1141 2082 1178 suam
2115 1122 2474 1203 interpreta-

337 1214 564 1274 tionem
591 1212 878 1287 obtrusit‚
917 1211 1117 1271 statim
1148 1211 1222 1271 ab
1266 1214 1539 1273 omnibus
1579 1235 1715 1273 vere
1751 1214 2062 1274 Catholicis
2097 1216 2471 1298 impugnatus

339 1321 464 1384 est,
524 1313 761 1391 ejusque
819 1308 1228 1391 interpretatio
1285 1314 1515 1388 rejecta.
1563 1310 1777 1369 Verum
1832 1309 1903 1370 de
1943 1310 2053 1370 hoc
2105 1312 2166 1373 in
2204 1312 2471 1394 sequenti

338 1407 756 1489 propositione.

426 1505 563 1562 196.
614 1503 702 1562 Ad
734 1503 817 1561 [ιω
838 1549 852 1576 7
891 1503 1043 1584 Neq.
1079 1502 1377 1584 Siquidem
1403 1504 1660 1564 haeretici
1690 1505 2007 1564 Lutherani
2045 1517 2103 1564 et
2139 1504 2468 1566 Calvinistae

338 1621 462 1658 non
486 1597 618 1658 ideo
641 1597 935 1678 negabant
956 1598 1270 1658 Ecclesiam
1295 1598 1511 1659 habere
1547 1611 1895 1679 potestatem
1933 1599 2326 1659 constituendi
2353 1601 2469 1659 im-

337 1694 715 1777 pedimenta,
753 1704 821 1751 ut
856 1691 969 1751 sibi
994 1693 1151 1754 viam
1189 1705 1523 1754 sternerent
1546 1695 1621 1753 ad
1657 1695 1990 1775 negandam
2023 1696 2326 1755 'veritatem
2361 1697 2493 1781 Sa·-

341 1789 660 1861 cramenti3
697 1788 798 1847 sed
827 1809 858 1847 e
885 1809 1167 1847 converso
1190 1834 1206 1862 .,
1245 1810 1381 1847 cum
1410 1801 1720 1869 negassent
1746 1790 2215 1849 Christianorum
2251 1810 2474 1850 connu-

339 1884 506 1943 bium
529 1885 973 1943 Sacramentum
999 1905 1123 1943 esse
1142 1928 1158 1959 ,
1195 1883 1525 1943 intulerunt
1556 1885 1868 1944 Ecclesiam
1906 1885 2071 1944 nullo
2099 1888 2232 1965 jure
2257 1884 2479 1967 pollere

341 1981 405 2039 in
451 1979 918 2039 Christianorum
944 1979 1227 2060 conjugia.
1265 1980 1354 2039 Sic
1379 1981 1542 2040 enim
1578 2002 1639 2040 se
1679 1980 1851 2061 gessit
1880 1980 2200 2058 LutlierUS‚
2239 1982 2338 2063 qui
2374 1979 2474 2040 lib.

341 2077 439 2137 cit.
481 2079 572 2139 De
608 2079 829 2155 captiv.
878 2076 1093 2154 Babyl.
1142 2076 1306 2157 prius
1354 2076 1655 2135 constituit
1699 2077 2144 2135 Matrimonium
2191 2098 2314 2135 non
2353 2097 2477 2136 esse

343 2173 788 2231 Sacramentum
813 2215 830 2245 a
879 2169 1092 2228 deinde
1141 2169 1432 2229 declamat
1474 2171 1536 2228 in
1577 2170 1730 2249 leges
1777 2171 2104 2252 pontificias
2150 2181 2475 2231 statuentes

342 2266 766 2349 impedimenta
799 2264 1131 2324 dirimentia
1165 2266 1276 2345 (l).
1307 2266 1393 2324 Sic
1424 2265 1644 2347 pariter
1674 2287 1734 2324 se
1765 2266 1940 2343 gessit
1968 2265 2245 2324 Calvinus
2266 2311 2280 2339 ,
2314 2270 2475 2343 cujus

344 2361 526 2425 verba
569 2361 892 2420 retulimus,
935 2361 1099 2419 Hanc
1136 2380 1445 2442 propterea
1483 2360 1558 2419 ob
1597 2381 1828 2419 causam
1865 2360 2189 2421 Concilium
2224 2361 2473 2420 Triden-

345 2459 570 2534 tinum,
595 2478 721 2517 can.
754 2457 777 2515 Ι
802 2456 899 2515 cit.
933 2476 1069 2516 sess,
1093 2457 1277 2514 XXIV
1299 2500 1314 2529 .,
1349 2456 1509 2538 prius
1541 2454 1995 2514 fundamentum
2016 2501 2031 2526 ,
2058 2467 2122 2514 ut
2150 2456 2231 2514 ita
2258 2456 2469 2532 dicam,

334 2555 499 2632 Jecit‚
518 2551 851 2615 definiendo
871 2551 1314 2622 Matrimonium
1332 2572 1455 2611 esse
1471 2554 1915 2610 Sacramentum
1935 2575 1951 2624 3
1969 2550 2184 2611 deinde
2200 2572 2371 2611 cann.
2395 2553 2474 2611 111

343 2657 403 2709 et
440 2649 509 2708 IV
558 2649 622 2708 in
666 2670 762 2708 eos
803 2647 1114 2708 anathema
1152 2647 1335 2722 dixit,
1381 2645 1484 2730 qui
1521 2659 1739 2726 negant
1784 2647 2093 2706 Ecclesiam
2123 2652 2220 2725 jus
2256 2646 2473 2706 habere

344 2744 642 2803 statuendi
672 2742 1098 2825 impedimenta
1119 2789 1134 2814 .‚
1176 2743 1298 2803 sive
1329 2743 1650 2801 admittant
1683 2743 1805 2802 sive
1848 2754 2065 2821 negent
2110 2743 2469 2801 Sacramenti

350 2838 671 2901 veritatem.
703 2838 904 2917 Agitur
932 2837 1091 2896 enim
1117 2836 1190 2895 de
1224 2836 1451 2895 duobus
1473 2835 1761 2894 distinctis
1784 2835 2074 2895 erroribus
2091 2881 2106 2911 .,
2133 2858 2277 2918 quos
2310 2838 2471 2895 Con-

345 2933 541 2993 cilium
565 2932 853 2991 distinctis
886 2930 1359 2991 anathematibus
1387 2931 1643 2989 confixit.
1668 2930 1861 2989 Velint
1890 2931 2135 3012 proinde
2167 2932 2360 2991 nolint
2385 2932 2467 3004 hi,

345 3030 445 3113 qui
473 3052 532 3089 se
554 3033 780 3110 jactant
805 3029 954 3107 juris
979 3027 1199 3111 publici
1233 3025 1578 3089 universalis
1609 3027 1908 3109 principiis
1950 3039 2008 3087 et
2045 3030 2462 3111 antiquissimae

414 3209 479 3272 (l)
516 3207 636 3258 Sane
668 3206 898 3256 Lutherus
927 3207 1015 3255 loc.
1046 3209 1123 3257 cit.
1145 3209 1270 3271 prius
1291 3210 1367 3255 in·
1451 3206 1675 3254 dimenta.
1712 3206 1764 3254 Id
1793 3217 1946 3271 aperte
1971 3217 2149 3255 constat
2182 3224 2235 3255 ex
2280 3206 2431 3256 verbis
2450 3244 2463 3267 ,

349 3290 490 3340 sumit
503 3293 620 3341 duas
634 3293 820 3358 paginas
835 3308 943 3339 cum
957 3291 1155 3350 dimido,
1177 3295 1367 3340 utevin-
1452 3306 1551 3354 quae
1588 3287 1725 3353 paulo
1765 3297 1872 3336 ante
1908 3305 1961 3336 ex
1992 3289 2072 3337 illo
2100 3289 2419 3354 descripsimus
2446 3306 2462 3337 :

347 3382 450 3432 cat,
470 3373 824 3422 Matrimonium
847 3390 943 3421 non
974 3390 1069 3421 esse
1097 3369 1369 3421 Sacramen·
1451 3370 1705 3418 Hactenus
1740 3369 1797 3417 de
1831 3372 1934 3436 ipso
1961 3372 2289 3420 matrimonio.
2324 3369 2462 3437 Quid

349 3465 483 3518 tum;
541 3455 707 3504 deinde
757 3471 867 3505 vero
916 3465 1134 3521 tanquam
1174 3454 1369 3503 corolla·
1451 3459 1610 3501 autem
1645 3451 1857 3501 dicemus
1890 3451 1947 3500 de
1979 3454 2148 3519 impiis
2182 3451 2363 3518 leqibwe
2376 3450 2460 3499 ho-

343 3538 470 3585 rium
495 3535 702 3600 colligit,
741 3537 870 3586 nulla
901 3538 1077 3585 ratione
1107 3544 1366 3600 competere
1448 3535 1670 3596 minum,
1710 3543 1797 3584 etc.

344 3618 555 3668 Ecclesiae
602 3618 870 3669 facultatem
921 3618 1151 3669 statuendi
1209 3620 1357 3683 impe·
1404 3611 1406 3613 ¹
