2508 4120
302 124 422 182 214
563 137 565 139 ’
946 137 1272 174 :rnac‘ra'rns
1314 138 1383 172 nn
1426 134 1799 175 nummomo.

300 286 361 344 in
397 284 600 366 primis
636 279 832 340 divina
872 277 1196 351 institutio,
1237 299 1372 337 cum
1411 277 1852 337 Matrimonium
1874 278 2053 360 longe
2079 294 2215 343 ante
2244 282 2418 342 Chri·

299 390 458 440 stum
498 378 560 434 in
599 373 821 433 mundo
861 373 1142 452 viguerim
1182 374 1250 430 2⁰
1284 372 1446 433 deest
1476 373 1672 452 gratiae
1711 372 1970 449 collatio,
2001 374 2254 459 alioquin
2293 399 2414 436 non

299 473 670 557 praeferretur
694 467 986 529 caelibatus
1011 469 1274 548 conjugio
1301 469 1483 549 gratia
1510 480 1699 544 auct0‚
1723 492 1834 550 qua
1858 468 1956 528 ille
1983 482 2171 545 caretz,
2203 473 2270 532 3⁰
2297 476 2418 532 imo

304 579 361 627 et
393 567 624 644 signum
650 564 843 647 ipsum
877 562 1039 622 deest
1068 564 1332 641 ejusdem
1357 565 1554 643 gratiae
1581 564 1642 622 in
1683 566 2053 625 Matrimonio
2074 612 2088 639 7
2119 567 2276 648 quod
2296 592 2418 628 non

301 662 606 744 perficitur
642 660 751 718 nisi
776 658 1251 718 contrahentium
1294 681 1601 718 consensu.
1647 659 1713 718 40
1742 662 1989 733 Quodsi
2031 662 2282 728 dicatur,
2315 686 2421 745 per

303 755 587 834 ejusmodi
633 775 981 813 consensum
1028 754 1334 834 significari
1381 755 1660 813 unionem
1704 755 1917 815 Christi
1962 778 2093 816 cum
2138 757 2419 833 Ecclesia,

306 872 439 911 cum
464 850 588 909 haec
614 850 754 908 unio
786 871 889 931 per
918 850 1361 909 Matrimonium
1398 872 1519 908 non
1542 849 1856 924 efficiatur,
1896 850 1999 909 sed
2030 853 2223 933 ipsum
2252 852 2424 932 longe

304 944 1022 1028 praecesseritzdicendum
1041 945 1189 1004 soret
1209 945 1441 1024 signum
1459 966 1728 1018 vacuum3
1746 957 1811 1004 ut
1826 946 2025 1005 omitta
2035 957 2150 1021 tur„
2173 948 2239 1006 50
2255 947 2424 1029 plura

307 1040 418 1100 alia
456 1041 617 1120 signa
654 1041 1018 1122 praecessisse
1047 1085 1062 1114 .,
1091 1039 1186 1100 vel
1215 1041 1464 1100 existere
1488 1040 1720 1099 unionis
1745 1041 1959 1099 Christi
1980 1062 2110 1100 cum
2142 1042 2386 1101 Ecclesia
2404 1086 2425 1118 ‚

308 1157 437 1219 quae
468 1146 668 1195 tamen
689 1136 800 1195 dici
819 1149 937 1195 no‘n
962 1147 1208 1218 possunt
1237 1137 1631 1196 Sacramenta.
1661 1137 1727 1195 6⁰
1754 1138 1926 1196 Deest
1943 1136 2196 1218 denique
2213 1138 2276 1195 in
2296 1138 2427 1196 Ma-

308 1233 588 1291 trimonio
624 1232 769 1291 ritus
811 1243 1090 1292 externus
1131 1232 1252 1300 sive
1290 1232 1617 1291 ceremonia
1659 1253 1816 1290 sacra
1842 1230 2122 1291 divinitus
2156 1233 2425 1291 instituta

310 1327 386 1386 ad
416 1328 660 1408 gratiam
686 1328 1128 1407 significandam
1147 1334 1170 1402 ,ἒ
1202 1339 1269 1386 ut
1294 1349 1364 1387 ex
1387 1349 1446 1387 se
1473 1338 1656 1409 patet.
1687 1329 1824 1400 Quae
1851 1327 2045 1385 omnia
2071 1328 2426 1387 confirman-

306 1434 405 1481 tur
433 1444 504 1482 ex
536 1424 661 1504 ipsa
692 1423 954 1483 Ecclesiae
979 1423 1190 1504 agendi
1217 1424 1478 1496 ratione3
1507 1423 1574 1482 70
1597 1422 1838 1482 Ecclesia
1866 1424 2274 1504 enim-spectat
2297 1444 2430 1481 con-

299 1519 530 1596 jugium
548 1530 614 1576 ut
637 1519 1099 1592 immunditiam,
1122 1541 1151 1576 a
1174 1539 1290 1599 quo
1314 1517 1559 1598 proinde
1579 1511 1912 1578 Sacerdotes
1930 1529 2115 1590 arcet3
2145 1520 2211 1577 80
2236 1518 2427 1577 eidem

310 1612 732 1694 impedimenta
769 1608 1045 1694 apponit,
1084 1634 1192 1694 per
1226 1633 1353 1694 quae
1382 1613 1640 1694 profecto
1666 1612 2021 1671 Sacramenti
2048 1613 2290 1671 materia
2334 1634 2431 1672 es-

312 1708 637 1767 sentialiter
662 1709 1009 1767 immutatur
1029 1754 1045 1783 ,
1086 1730 1152 1768 ac
1175 1708 1337 1767 irrita
1367 1707 1623 1768 reddidit
1650 1707 2017 1766 Matrimonia
2044 1706 2427 1770 clandestina.

311 1803 377 1860 90
433 1805 652 1863 Verum
690 1815 749 1863 et
790 1805 984 1885 ipsum
1030 1803 1278 1883 conjugii
1321 1825 1466 1885 opus
1496 1803 1613 1862 tale
1662 1814 1782 1876 est,
1815 1812 1882 1860 ut
1923 1813 2186 1861 mentem
2229 1823 2261 1860 a
2310 1805 2430 1861 Deo

311 1910 552 1973 avocet,
602 1920 794 1980 neque
838 1899 898 1957 in
948 1899 1073 1980 ipso
1100 1944 1118 1976 ,
1159 1900 1220 1956 in
1262 1920 1379 1980 quo
1431 1898 1680 1958 essentia
1731 1899 2086 1957 Matrimonii
2131 1898 2426 1972 consistit,

321 1994 571 2076 Spiritus
609 1995 855 2054 Sanctus
891 1994 1087 2054 adesse
1113 2005 1306 2075 potest
1331 2019 1347 2068 ς
1392 1995 1496 2053 100
1524 2015 1702 2075 quare
1733 1993 1864 2068 ille,
1883 1994 1982 2074 qui
2012 1994 2072 2052 in
2103 1993 2433 2072 evangelica

307 2089 585 2170 parabola
625 2091 801 2170 (Luc.
848 2092 974 2148 XlV
994 2135 1010 2165 ‚
1049 2091 1169 2169 20)
1213 2091 1500 2149 recusavit
1537 2092 1740 2151 venire
1784 2089 1858 2147 ad
1880 2089 2110 2169 nuptias
2135 2088 2394 2147 coelestes
2413 2132 2433 2164 ,

312 2184 466 2243 hanc
483 2206 714 2243 causam
732 2186 1075 2266 praetexuit:
1107 2186 1362 2245 Uxorem
1384 2186 1569 2257 duxi,
1593 2195 1647 2241 et
1663 2185 1786 2241 ideo
1811 2205 1927 2241 non
1938 2205 2183 2262 possum
2209 2186 2428 2241 venire.

318 2280 422 2337 110
447 2279 782 2360 Atquehinc
806 2281 1023 2338 factum
1047 2291 1132 2338 est
1152 2325 1167 2353 a
1198 2291 1263 2337 ut
1283 2280 1499 2360 passim
1531 2279 1941 2338 contrahentes
1958 2279 2323 2359 paciscantur
2350 2277 2426 2337 de

314 2374 451 2433 dote
479 2396 544 2433 ac
579 2377 804 2456 pretiO,
851 2374 1283 2456 quod'quidem
1326 2386 1562 2455 pactum
1598 2374 1817 2455 absque
1847 2374 2158 2432 simoniaca
2203 2372 2335 2431 labe
2368 2372 2432 2430 in

317 2459 694 2530 Sacramento
728 2470 959 2528 admitti
997 2471 1224 2551 nequit.
1267 2471 1369 2528 120
1408 2469 1681 2549 Theologi
1718 2470 1959 2528 demum
2000 2471 2206 2528 acriter
2242 2468 2435 2528 adhuc

312 2566 466 2624 inter
500 2588 560 2625 se
596 2566 922 2648 disceptant
966 2567 1112 2624 circa
1157 2565 1516 2624 Matrimonii
1561 2566 1905 2639 materiam,
1957 2564 2206 2627 formam
2255 2575 2429 2644 atque

314 2661 669 2721 ministrum.
697 2663 861 2740 Ergo,

396 2754 496 2812 24.
543 2757 715 2837 Resp.
763 2756 914 2835 Ney.
955 2765 1083 2813 ant.
1129 2754 1219 2814 Ad
1258 2756 1338 2814 1m
1374 2754 1542 2837 prob.
1583 2756 1736 2814 Disc.
1774 2753 2212 2813 Matrimonium
2259 2751 2430 2832 longe

316 2860 455 2908 ante
483 2849 779 2910 Christum
817 2852 877 2908 in
903 2850 1127 2908 mundo
1161 2851 1353 2908 extitit
1379 2848 1486 2908 sub
1515 2850 1740 2908 ratione
1771 2847 2050 2907 naturalis
2074 2849 2303 2906 unionis
2329 2870 2430 2907 seu

317 2956 645 3005 contractus
664 2991 680 3020 .,
726 2967 886 3004 conc.
910 2965 930 3013 ‚·
957 2942 1065 3003 sub
1096 2946 1321 3003 ratione
1357 2944 1711 3003 Sacramenti
1740 2944 1974 3024 proprie
2003 2944 2143 3003 dicti
2163 2991 2179 3018 ⁷
2210 2967 2339 3024 neq.

395 3041 497 3100 25.
546 3040 634 3100 Ad
680 3042 797 3118 2¹¹¹,
846 3044 997 3099 Dist.
1038 3041 1345 3099 Praefertur
1370 3038 1661 3098 caelibatus
1697 3040 2106 3112 Matrimonio„
2141 3051 2429 3121 quatenus

313 3147 540 3196 statum
581 3137 917 3212 constituit,
945 3158 1133 3204 cono.,·
1172 3146 1457 3217 quatenus
1488 3146 1575 3193 est
1611 3136 2081 3210 Sacramentum,
2112 3157 2240 3215 nef]-
2272 3136 2427 3207 Qua—

318 3244 489 3291 tenus
530 3232 687 3291 enim
725 3231 1159 3292 Matrimonium
1193 3232 1630 3289 Sacramentum
1675 3241 1796 3303 est„
1840 3231 2033 3311 ipsum
2071 3232 2426 3312 praeferimus

316 3326 634 3403 caelibatui3
684 3340 969 3410 quatenus
1005 3348 1144 3387 vero
1190 3337 1404 3394 statum
1443 3325 1798 3406 conjugalem
1832 3325 1969 3384 dicit
1994 3372 2009 3400 ,
2057 3326 2243 3385 eidem
2283 3344 2425 3407 prae-

319 3421 559 3481 ferimus
611 3422 976 3497 caelibatum„
1023 3422 1121 3503 qui
1164 3432 1225 3480 et
1259 3443 1386 3479 suas
1434 3422 1641 3501 gratias
1678 3421 1842 3501 longe
1879 3423 2130 3502 potiores
2172 3420 2425 3478 adnexas

318 3515 532 3593 habet,
571 3517 799 3579 dicente
828 3518 1099 3602 Apostolo
1120 3563 1135 3593 ,
1175 3516 1297 3576 lad
1328 3519 1456 3576 Cor.
1488 3519 1585 3576 Vll
1620 3541 1632 3575 :
1670 3519 1792 3598 Qui
1821 3520 2205 3576 matrimonio
2208 3520 2429 3594 junyz't

318 3615 613 3694 viryinem
644 3635 820 3673 auam
838 3661 855 3690 .,
887 3617 1028 3675 hene
1049 3618 1235 3693 facin
1258 3619 1370 3694 qui
1392 3637 1510 3674 non
1524 3619 1772 3695 junqzl,
1804 3616 2015 3675 melius
2035 3617 2209 3691 facit.
