2612 4146
2134 188 2211 248 89

426 215 548 253 GAP.
597 217 663 252 11.
711 217 778 254 DE
822 217 1078 255 ORDINUM
1122 214 1353 253 NUMERO
1397 214 1463 253 ET
1507 211 1828 250 DIGNITATE.

106 369 236 416 tum
268 356 330 414 S.
350 402 366 424 ,
403 366 516 414 aut
535 378 653 435 per
684 377 816 415 eam
851 378 973 415 non
1013 361 1300 436 imprimi
1327 356 1763 423 characterem,
1804 353 1897 413 vel
1935 372 2075 411 eum
2104 354 2217 430 qui

104 451 384 509 Sacerdos
411 452 586 508 semel
611 453 771 528 fuit,
809 453 1036 509 laicum
1069 472 1320 509 rursum
1353 452 1494 529 fleri
1520 470 1721 528 posse5
1756 447 2080 507 anathema
2109 450 2209 504 eit.

104 546 334 603 Etenim
354 590 370 616 .,
402 544 560 626 quod
598 545 858 604 Christus
882 546 1004 626 ipse
1033 546 1096 603 in
1124 544 1412 626 Apostolis
1446 545 1706 627 primum
1736 542 1991 602 instituit
2009 586 2026 618 ‚
2054 540 2217 627 'quod

102 639 288 700 voluit
330 640 392 699 in
436 638 678 698 Ecclesia
722 662 822 699 sua
859 661 983 700 esse
1027 649 1379 721 perpetuum
1403 683 1419 712 ,
1469 650 1644 719 atque
1695 636 1769 695 ab
1816 635 2102 718 Apostolis
2150 634 2216 693 in

103 734 242 794 alios
275 735 580 816 propagari
619 747 776 794 certo
816 735 1009 816 aliquo
1044 745 1104 792 et
1140 725 1430 791 constanti
1468 733 1586 790 ritu
1620 732 1903 792 divinitus
1941 732 2213 790 instituto

102 840 275 910 atque
319 841 608 911 praecepto
629 874 646 903 ‚
686 831 786 912 qui
822 852 943 888 non
979 827 1154 887 modo
1187 825 1615 906 significandae,
1646 847 1854 886 verum
1889 826 2065 887 etiam
2095 825 2215 886 effi-

101 923 318 984 ciendae
344 926 582 1002 justitiae
619 935 678 984 et
712 923 1029 983 sanctitatis
1062 921 1183 981 vim
1216 919 1395 980 habet
1419 965 1436 995 ,
1470 918 1619 978 illud
1654 921 1913 1002 profecto
1952 923 2077 983 veri
2112 942 2216 980 no-

99 1019 272 1077 minis
300 1022 736 1080 Sacramentum
774 1017 1056 1100 appellari
1078 1028 1138 1075 et
1167 1037 1291 1076 esse
1320 1014 1531 1089 debete,
1566 1016 1730 1097 atqui
1758 1015 1874 1074 tale
1904 1027 1994 1075 est
2014 1017 2225 1077 Sacer-'

102 1114 325 1173 dotium
341 1159 360 1190 ,
373 1137 475 1197 „seu
495 1115 542 1173 si
562 1114 779 1196 placet,
797 1114 942 1193 ritus
961 1112 1092 1189 ille,
1110 1133 1226 1193 quo
1241 1110 1640 1171 Sacerdotium
1662 1110 1988 1184 confertur3
2010 1132 2211 1191 ergo...

183 1210 278 1272 35.
323 1213 396 1269 Et·
415 1230 552 1269 sane
571 1256 587 1284 .,
616 1209 664 1267 si
691 1209 763 1268 de
791 1207 907 1267 fide
938 1219 1026 1267 est
1045 1253 1061 1279 ,
1089 1207 1346 1290 aliquam
1374 1205 1823 1266 Ordinationem
1861 1226 1984 1265 esse
2013 1208 2215 1265 Sacra-

100 1316 366 1364 mentum
389 1348 407 1378 ,
437 1303 534 1363 vel
563 1302 874 1362 dicendum
915 1301 1311 1362 Sacerdotium
1334 1346 1350 1377 ‚
1384 1303 1652 1361 omnium
1673 1301 1948 1360 ordinum
1972 1299 2215 1360 nobilis-

99 1401 311 1460 simum
340 1388 406 1458 ac
434 1399 1011 1480 praestantissimum‚
1055 1407 1114 1456 et
1151 1397 1225 1457 ad
1257 1419 1434 1479 quem
1472 1408 1758 1479 tanquam
1797 1396 1873 1455 ad
1903 1417 2215 1456 commune

99 1494 450 1576 principium
473 1505 533 1554 et
547 1494 726 1555 finem
743 1493 951 1575 reliqui
975 1514 1178 1553 omnes
1194 1492 1444 1552 Ordines
1460 1493 1799 1552 referuntur
1815 1537 1831 1567 .,
1854 1491 2214 1552 Sacramenti

96 1587 377 1670 dignitate
414 1587 699 1668 gaudere,
746 1587 841 1649 vel
875 1599 1085 1648 nutare
1131 1587 1289 1646 istud
1326 1587 1463 1646 fidei
1498 1597 1718 1646 nostrae
1747 1586 1979 1667 dogma.
2023 1589 2212 1669 Atque

96 1684 232 1743 hinc
277 1685 489 1744 factum
529 1696 651 1759 est7
702 1695 770 1742 ut
808 1683 1006 1742 nullus
1040 1704 1304 1764 unquam
1342 1681 1672 1742 Catholicus
1709 1682 1862 1741 hanc
1902 1684 2212 1745 veritatem

95 1779 158 1837 in
195 1778 646 1860 disputationem
685 1779 1018 1854 vocaverit⁷
1063 1778 1182 1837 imo
1218 1799 1328 1838 nec
1367 1776 1522 1836 ullus
1568 1777 1909 1853 haereticus3
1955 1778 2214 1838 haeretici

99 1874 257 1932 enim
287 1883 386 1932 aut
417 1884 634 1954 negant
663 1873 1112 1933 Ordinationem
1151 1894 1273 1932 esse
1312 1873 1757 1932 Sacramentum
1792 1884 1894 1932 aut
1915 1918 1930 1948 ‚
1969 1874 2017 1932 si
2050 1873 2213 1932 illam

99 1969 538 2028 Sacramentum
561 1990 684 2028 esse
713 1980 952 2046 tenent,
983 1969 1047 2026 in
1071 1966 1400 2027 Sacerdotio
1426 1989 1556 2026 eam
1581 1969 1834 2028 inveniri
1857 1968 2206 2027 concedunt.

178 2062 274 2121 36.
319 2065 403 2122 Ex
433 2063 524 2122 his
549 2085 722 2146 porro
756 2064 1052 2145 sequitur,
1085 2064 1307 2144 optime
1339 2062 1753 2121 Sacerdotium
1775 2062 2005 2122 definiri
2043 2085 2212 2144 posse

44 2210 46 2212 ,
102 2158 259 2216 Ordo
284 2180 453 2217 sacer
472 2169 526 2217 et
544 2160 1006 2217 Sacramentum
1035 2158 1339 2216 di’vinitus
1369 2161 1752 2227 institutum,
1775 2179 1892 2236 quo
1912 2159 2216 2217 tribuitur

85 2263 339 2332 potestas
375 2255 764 2313 consecrandi
802 2254 1031 2332 Corpus
1085 2263 1142 2310 et
1176 2254 1554 2332 Sanquinem
1601 2254 1888 2322 Domini,
1939 2275 2046 2312 nec
2091 2275 2212 2314 non

97 2350 445 2411 remittendi.
471 2371 543 2408 ac
577 2349 880 2409 retinendi
905 2358 1153 2428 peccata
1189 2348 1298 2427 (l)

168 2537 232 2598 (l)
261 2538 314 2586 In
341 2537 601 2587 Pontificali
629 2539 836 2589 Romano
871 2541 1057 2589 additur
1089 2557 1102 2588 ε
1189 2541 1382 2587 minum
1417 2538 1715 2586 immolatum
1755 2547 1799 2586 et
1828 2540 2076 2604 Jacentem
2107 2576 2121 2600 ,
2166 2549 2213 2587 et

98 2616 392 2666 Sacerdotem
409 2628 582 2684 oportet
601 2621 764 2686 offerre
777 2657 794 2682 ,
813 2615 1102 2680 benedicere,

87 2715 292 2762 praeesse
311 2736 324 2759 ‚
350 2699 620 2764 proedicare
648 2710 692 2748 et
719 2701 1020 2766 baptizare..
1050 2701 1111 2749 In⁸

97 2780 266 2844 quibus
293 2782 482 2845 singulis
500 2783 700 2846 profecto
732 2793 860 2830 tanta
888 2784 1104 2831 nobilitas

96 2871 171 2909 est·
206 2873 346 2927 atque
388 2865 659 2912 excellentia
682 2902 695 2923 ,
747 2875 800 2913 ut
835 2863 1103 2915 Sacerdotes

96 2945 146 2990 in
166 2942 406 3009 Scripturis
434 2956 479 2994 et
508 2945 715 2994 Patribus
741 2964 836 2994 non
865 2948 1002 2996 modo
1018 2947 1102 2996 Dei

97 3026 389 3089 interpretes,
434 3031 715 3076 internuncii
750 3027 888 3094 atque
928 3030 1098 3093 legati,

100 3107 177 3154 sed
208 3107 368 3173 Angeli
389 3147 402 3169 ‚
430 3111 509 3158 sed
525 3111 598 3159 Dii
628 3114 765 3160 etiam
795 3111 1098 3177 appellentur,

100 3193 335 3252 pro'pterea
362 3193 486 3255 quod
517 3192 602 3240 Dei
630 3212 871 3259 personam
897 3199 947 3243 in
974 3199 1101 3244 terris

100 3279 288 3333 gerant,
311 3281 356 3319 et
372 3271 455 3320 Dei
480 3276 573 3322 vim
602 3285 646 3323 et
672 3293 848 3324 numen
872 3277 995 3341 apud
1019 3294 1102 3326 nos

96 3359 297 3398 teneant.
328 3349 475 3415 Quare
500 3353 565 3414 S..
586 3354 719 3404 Joan.
752 3357 1101 3422 Chrysostomus

95 3431 186 3478 loc.
222 3433 304 3479 cit.
336 3433 635 3484 concludebat
668 3454 682 3484 ε
716 3434 906 3486 Idcirco
927 3436 1101 3488 Sacer-

95 3511 276 3559 dotium
293 3512 532 3562 obeuntem
557 3518 627 3565 ita
644 3536 828 3583 purum
844 3538 940 3570 esse
952 3521 1097 3583 decet,

98 3609 155 3641 ac
179 3595 226 3641 ei
254 3595 311 3642 in
333 3594 460 3643 coelie
484 3598 610 3646 inter
613 3607 862 3665 potestates
891 3602 997 3651 illas
1013 3603 1105 3653 col-

1188 2618 1493 2670 Sacerdotem
1507 2618 1760 2684 Sacrificio
1779 2621 2127 2668 incumbentem
2152 2637 2210 2668 ac

1180 2709 1458 2766 precantem
1475 2737 1488 2760 ‚
1506 2718 1754 2767 omnesque
1761 2704 1970 2767 pretioso
1983 2702 2064 2750 illo
2083 2701 2211 2751 San·

1187 2784 1335 2846 quine
1351 2782 1570 2831 rubentes
1588 2820 1602 2844 ‚
1620 2800 1687 2831 an
1700 2791 1849 2849 putas
1864 2792 1909 2832 te
1926 2783 2084 2832 adhuc
2097 2801 2210 2832 cum

1186 2863 1460 2912 hominibus
1498 2874 1542 2912 et
1573 2867 1631 2913 in
1678 2875 1810 2914 terra·
1851 2872 1986 2915 esee?
2021 2866 2210 2916 Annon

1178 2948 1344 3012 potius
1377 2948 1434 2994 in
1461 2947 1594 2995 coelos
1637 2948 1901 2997 translatus
1922 2985 1938 3011 ‚
1981 2952 2207 3014 omnique

1185 3027 1376 3077 carnali
1406 3031 1692 3093 coqitatione
1730 3030 1981 3080 eliminata
2007 3071 2024 3092 ,
2070 3031 2208 3080 modo

1184 3112 1351 3158 animo
1378 3117 1625 3175 menteque
1646 3129 1808 3177 pura,
1850 3130 1958 3179 quoe
1976 3115 2035 3161 in
2071 3112 2206 3161 caelie

1183 3195 1312 3248 eunt,
1328 3193 1661 3259 circumspicis
1671 3196 1769 3243 9—-
1780 3195 2083 3260 Quapropter
2094 3210 2206 3242 cum

1184 3289 1357 3337 onaqno
1393 3276 1561 3323 timore
1607 3277 1697 3339 (ita
1732 3293 1993 3326 sermonem
2025 3278 2084 3325 ad
2114 3279 2206 3324 ini-

1185 3357 1366 3404 tiandos
1405 3362 1630 3408 convertit
1666 3376 1938 3409 consecrans
1977 3363 2204 3421 antistes)

1184 3437 1249 3486 ad
1278 3446 1468 3488 tantum
1492 3442 1700 3506 qradum
1738 3442 2091 3512 ascendendum
2115 3453 2201 3506 est,

1184 3537 1243 3569 ac
1258 3522 1631 3586 providendum,
1648 3532 1703 3572 ut
1718 3525 1919 3574 caeleetie
1939 3527 2201 3592 sapientia,

1178 3603 1324 3670 probi
1350 3621 1501 3652 'nores
1519 3613 1565 3652 et
1594 3605 1829 3655 diuturna
1829 3610 2033 3676 justitia
2059 3608 2125 3656 ad
2151 3608 2206 3655 id

98 3672 273 3723 locatus
300 3686 433 3726 esset.
477 3677 599 3750 Cum
630 3684 758 3729 enim
799 3683 978 3732 viderie
1005 3684 1104 3735 Do·
1187 3687 1352 3738 electos
1364 3687 1752 3738 commendentz..
1779 3688 1965 3757 Nempe
1980 3688 2094 3738 tales
2108 3704 2205 3737 esee
