2508 4120
462 164 584 205 CAP.
635 169 722 204 111.
769 170 836 204 nr:
879 169 1276 207 mmmmmwrls
1325 168 1705 220 mummolini,
1752 168 1870 206 mc.
2106 149 2226 208 295

103 310 356 369 servitiu
370 331 443 377 m,
465 320 529 366 ut
571 309 729 368 idem
754 310 1024 392 loquitur
1048 313 1361 372 Gersonius
1391 312 1520 393 (l);
1561 312 1622 369 in
1656 333 1833 392 quam
1866 314 2225 371 sententiam

107 403 365 461 Christus
398 404 519 484 ipse
544 403 845 485 inquiebat
879 406 1069 466 Matth
1090 451 1106 480 ,
1140 408 1323 466 XVIII
1356 429 1370 465 ε
1408 409 1591 465 Sz'eos
1631 427 1750 464 non
1787 407 2094 478 audierit,
2130 408 2230 465 dic

103 497 421 569 Ecclesiae,
456 497 518 555 id
553 509 675 574 est,
717 497 975 561 Ecclesiae
1006 500 1298 581 praelatis,
1336 512 1403 559 ut
1441 501 1863 582 interpretatur
1892 501 2230 582 Chrysosto-

104 613 232 649 mus
262 593 370 670 (2).

192 687 327 745 173.
377 688 562 746 Nemo
586 696 861 768 'praeterea
889 687 1121 746 dubitat
1140 734 1156 760 ,
1184 688 1328 769 quin
1343 688 1519 747 iidem
1547 688 1876 748 Tridentini
1901 692 2098 750 Patres
2125 693 2233 751 Ec·-

109 780 294 840 clesiae
347 802 568 840 nomen
623 781 825 841 eadem
852 783 1074 842 ratione
1115 784 1324 865 saepius
1367 782 1761 842 intellexerint
1802 828 1818 857 ,
1867 786 2223 846 nominatim

106 897 245 934 sess.
277 877 434 950 XIII,
462 898 587 936 can.
608 877 668 950 9,
687 897 828 935 sess,
845 878 996 951 XIV7
1015 897 1142 939 can.
1166 878 1264 952 15,
1292 900 1433 937 sess.
1457 877 1613 951 XXI,
1638 898 1768 936 can.
1791 878 1856 951 2,
1884 899 2023 938 seSS.
2044 881 2230 955 XXII,

104 991 231 1028 can.
275 971 311 1028 5
346 982 405 1030 et
433 972 504 1047 7,
539 983 665 1029 tum
693 971 802 1030 hac
843 973 965 1054 ipsa
1002 974 1255 1032 sessione
1287 974 1475 1032 XXIV
1498 1018 1513 1047 ,
1551 994 1681 1032 can.
1719 974 1754 1033 7
1776 1018 1792 1047 7
1831 974 1867 1031 8
1901 985 1961 1033 et
1998 977 2055 1033 9.
2093 976 2234 1049 Quis

104 1086 279 1145 porro
316 1066 606 1145 ambigat,
641 1067 785 1147 quin
822 1065 966 1125 illud
1001 1068 1268 1128 similiter
1291 1068 1688 1129 intellexerint
1733 1068 1796 1126 in
1839 1069 1907 1128 iis
1947 1069 2230 1147 decretiS‚

103 1158 204 1217 ubi
228 1158 335 1218 sibi
374 1161 738 1242 propositum
775 1173 900 1234 erat
933 1163 1170 1223 Lutheri
1200 1185 1457 1223 errorem
1487 1163 1882 1245 proscribere3
1919 1165 2057 1246 qui,
2098 1186 2232 1224 cum

105 1255 544 1315 Matrimonium
567 1257 642 1316 ad
663 1257 903 1317 classem
926 1280 1122 1318 rerum
1148 1281 1307 1318 mere
1330 1258 1706 1341 profanarum
1737 1270 1796 1318 et
1826 1270 2234 1318 contractuum

104 1370 250 1430 pure
277 1350 532 1410 civilium
556 1353 885 1433 relegasset,
910 1376 1030 1412 non
1054 1353 1414 1436 principibus
1434 1352 1789 1413 secularibus
1810 1401 1826 1423 .,
1853 1354 1956 1413 sed
1973 1354 2236 1414 Ecclesiae

102 1444 434 1524 pastoribus
461 1446 788 1526 denegabat
812 1450 1219 1509 auctoritatem
1237 1450 1633 1509 constituendi
1658 1449 2089 1531 impedimenta
2121 1451 2240 1509 Ma-

103 1539 446 1599 trimonium
476 1540 852 1603 dirimentia‘?
890 1545 1028 1617 Quis
1053 1555 1338 1625 praeterea
1365 1546 1430 1602 in
1451 1545 1718 1603 animum
1747 1565 1919 1611 suum
1949 1543 2192 1603 inducat
2215 1588 2233 1616 .‚

104 1634 423 1693 Concilium
458 1636 720 1697 Ecclesiae
756 1642 998 1700 nomine
1024 1639 1274 1699 voluisse
1302 1639 1594 1722 principes
1630 1639 1940 1719 designare
1961 1684 1977 1713 .,
2022 1638 2123 1698 ubi
2166 1638 2241 1698 de

92 1721 501 1796 jurisdictione
530 1733 716 1813 agitur
751 1734 816 1792 in
841 1737 1084 1793 materia
1126 1734 1412 1816 spirituali
1451 1747 1513 1794 et
1549 1733 2019 1795 sacramentali?
2061 1734 2243 1814 Igitur

104 1831 235 1881 tum
271 1846 341 1883 ex
382 1827 645 1907 ipsorum
673 1827 1139 1889 adversariorum
1174 1830 1568 1905 consessione,
1612 1841 1743 1888 tum
1785 1851 1856 1889 ex
1895 1831 1981 1888 rei
2024 1828 2097 1887 de
2128 1850 2244 1909 qua

106 1919 295 1999 agitur
328 1933 570 1997 natura,
615 1935 738 1982 tum
767 1945 837 1984 ex
869 1925 1082 1984 Christi
1109 1926 1401 1984 sententia
1423 1970 1438 1998 ,
1483 1936 1612 1984 turn
1654 1923 1909 2005 denique
1940 1944 2012 1984 ex
2042 1922 2242 1983 decla-

107 2025 234 2073 rato
271 2016 748 2079 Tridentinorum
777 2019 1018 2079 consilio
1037 2065 1053 2095 7
1087 2032 1288 2101 aperte
1324 2019 1613 2099 colligitur
1632 2065 1648 2085 .,
1689 2020 1928 2078 nomine
1958 2020 2242 2079 Ecclesioe

109 2130 177 2167 eo
206 2110 315 2169 loci
335 2159 350 2188 ‚
383 2135 502 2171 non
528 2135 693 2193 reges
716 2126 776 2174 et
807 2115 985 2175 seculi
1011 2116 1304 2197 principes
1324 2160 1342 2189 ,
1374 2114 1477 2173 sed
1500 2112 1947 2174 ecclesiasticum
1975 2113 2244 2173 ordinem

106 2214 280 2285 atque
314 2206 697 2267 hierarchiam
732 2208 1019 2288 designari
1044 2209 1155 2289 (3).

179 2427 248 2487 (1)
267 2425 319 2472 In
333 2436 465 2475 tract.
481 2418 1136 2491 Depoteseizteeeclesiastica‚
1291 2429 1354 2490 (ἃ)
1392 2427 1541 2477 Hom.
1591 2446 1647 2476 tx
1672 2466 1684 2488 ‚
1718 2430 1781 2477 al.
1833 2445 1904 2478 mn
1925 2465 1939 2488 ,
1972 2431 2028 2476 in
2061 2427 2236 2478 Matala.

111 2506 289 2555 consid.
321 2524 367 2566 1,
397 2507 492 2555 edit
519 2510 601 2555 cit.
630 2518 744 2556 tom.
781 2513 849 2567 li,
885 2510 978 2558 col.
1006 2525 1103 2573 227
1123 2547 1138 2570 ‚
1220 2528 1269 2556 n.
1295 2527 1322 2556 2
1352 2509 1497 2558 :Eia-e*
1513 2515 1576 2577 τῇ
1594 2509 1870 2577 Ἐπικλῆα-ίῳ,
1894 2508 2237 2574 τουτε’σ·τι,τ·οῗς

112 2590 193 2637 ubi
243 2604 447 2653 expresse
495 2589 683 2636 adnotat
728 2586 1011 2650 Gemonias,
1062 2590 1139 2640 tali
1219 2589 1563 2657 προεδρεύουσα.

111 2671 446 2735 significatione
501 2672 622 2717 sumi
665 2687 838 2718 nomen
881 2671 1094 2720 Ecclesiae
1121 2714 1134 2736 ‚
1286 2675 1407 2738 Opp.
1449 2685 1558 2722 tom.
1609 2693 1669 2722 vn
1699 2712 1711 2734 ‚
1768 2695 1872 2743 pag.
1923 2675 2019 2741 607
2041 2715 2059 2737 ,
2123 2676 2238 2725 edit.

111 2771 217 2802 cum
249 2770 399 2802 sermo
439 2763 503 2800 est
536 2751 593 2799 de
640 2750 957 2800 ecclesiastica
1003 2764 1137 2819 pote·
1219 2753 1394 2802 Montf.

113 2844 227 2885 state
246 2873 259 2894 ‚
296 2845 346 2883 ut
376 2845 443 2883 est
464 2838 512 2883 in
550 2851 656 2883 casu
680 2845 854 2884 nostro,
887 2834 990 2884 cfr.
1021 2839 1133 2885 item
1286 2833 1352 2899 (3)
1376 2835 1471 2883 Cfr.
1490 2835 1706 2896 Leullier‚
1725 2855 1803 2903 op.
1827 2839 1903 2886 cit.
1929 2837 2130 2887 Observ.
2156 2847 2200 2886 ix
2217 2876 2231 2898 ‚

114 2918 236 2966 idem
285 2928 443 2966 auctor
494 2920 544 2965 in
599 2927 728 2967 tract.
781 2916 852 2967 De
891 2918 1128 2983 Reliyion.
1214 2920 1294 2982 qui
1321 2920 1489 2966 invicte
1518 2919 1727 2968 confutat
1753 2920 2016 2987 Launojum
2037 2959 2049 2980 ,
2074 2930 2238 2969 osten-

107 2999 392 3064 persectione
428 3037 442 3059 .,
489 3001 668 3048 consid.
728 3016 779 3048 111
812 3039 825 3057 ‚
887 3001 966 3049 ubi
1017 3005 1130 3050 scri·
1212 3000 1408 3066 ditque,
1441 3018 1613 3050 novum
1631 3002 1768 3068 plane
1798 3014 1939 3070 atque
1970 3003 2235 3051 inauditum

115 3080 224 3129 bit:
257 3078 399 3131 Sicut
420 3080 642 3129 Ecclesia
669 3082 914 3144 siqnificat
935 3085 1129 3147 princi-
1211 3100 1307 3131 esse
1339 3084 1607 3148 figmentum
1645 3083 1879 3134 Ecclesiae
1929 3087 2119 3132 nomine
2152 3102 2229 3133 re·-

110 3161 290 3228 paliter
339 3162 655 3220 universalem
718 3167 1128 3228 conyreqationem
1208 3181 1282 3227 ges
1297 3174 1341 3212 et
1358 3169 1583 3231 principes
1598 3165 2080 3231 significari.Attamen
2095 3182 2230 3214 com-

115 3241 357 3309 fideHmn,
406 3245 607 3307 et‘imle
648 3245 837 3291 dicitur
859 3245 1089 3293 catholica
1110 3284 1123 3305 ‚
1209 3256 1419 3294 mentum
1449 3249 1570 3295 istud
1602 3248 1837 3312 adoptavit
1863 3258 2026 3295 auctor
2069 3250 2223 3312 operis

122 3326 172 3372 id
204 3331 273 3372 est
290 3362 302 3384 ‚
333 3326 613 3374 universalis
634 3343 652 3387 ‚-
682 3341 855 3374 nomen
877 3335 1035 3374 tamen
1059 3330 1124 3374 is·
1217 3328 1861 3394 Theoquisek-statistischer
1877 3331 1934 3379 V
1927 3330 2096 3378 ersuch
2108 3330 2228 3378 tiber

119 3406 207 3454 tud
222 3405 432 3470 vulqaris
453 3424 568 3454 usus
582 3409 832 3455 restrinxit
844 3408 908 3456 ad
922 3407 1120 3458 clerum.
1204 3412 1284 3461 die
1323 3411 1603 3461 Kirchlichc
1623 3448 1639 3472 ,
1679 3421 1771 3460 etc.
1799 3430 1878 3462 seu
1920 3413 2228 3479 Theoloqico-

121 3488 242 3535 lbid.
273 3498 388 3537 tom.
415 3506 450 3535 11
473 3526 485 3548 ‚
517 3489 606 3536 col.
641 3487 755 3536 683.
800 3489 1005 3538 Gersonii
1038 3509 1122 3537 an·
1204 3496 1491 3541 effatistae'cmn
1523 3494 1762 3558 specimen
1785 3494 1842 3541 de
1873 3494 2224 3544 Ecclesiastico

122 3580 212 3618 tem
257 3587 426 3618 nomen
475 3570 738 3618 adversariis
763 3607 777 3626 ‚
821 3589 926 3619 cum
964 3573 1133 3638 quibus
1203 3581 1435 3641 'potestate
1481 3575 1612 3623 circa
1663 3591 1736 3623 res
1789 3575 2174 3626 matrimoniales
2214 3613 2229 3635 ,

123 3656 296 3717 agimus
317 3691 330 3713 ‚
362 3657 586 3718 ingratum
613 3671 708 3702 non
729 3664 813 3702 est.
1221 3657 1346 3722 Lips.
1387 3672 1526 3721 1791.
