2508 4120
506 215 630 255 cAP.
678 219 718 253 1.
763 216 831 252 mi
874 212 1222 253 MATRmonm
1263 215 1322 253 ΙΝ
1366 215 1425 251 sn
1469 212 1757 251 spanum.
1870 217 1874 221 ·
2072 189 2195 250 205

167 362 234 418 ’9.
282 359 443 417 Hanc
471 358 778 419 veritatem
804 357 941 415 satis
959 365 1158 438 aperte
1176 356 1436 414 innuunt
1454 356 1635 412 Sacrae
1658 353 1892 412 Litterae
1916 397 1932 427 ,
1956 352 2193 414 traditio

96 455 296 527 docet,
334 464 613 534 perpetua
647 463 706 511 et
728 463 995 510 constans
1029 450 1290 509 Ecclesiae
1315 450 1509 530 praxis
1544 449 1866 507 confirmat.

180 548 275 606 10.
325 551 402 606 Ac
435 548 624 628 primo
668 547 903 627 quidem
943 546 1200 603 innuunt
1234 544 1543 623 Scripturae
1566 569 1582 615 ς
1631 542 1857 602 celebre
1905 544 2061 603 enim
2107 556 2197 603 est

93 642 399 702 Paulinum
417 641 838 714 testimonium,
864 638 1076 721 EpheS.
1098 639 1164 710 V,
1181 636 1282 709 35,
1308 641 1364 698 V
1362 640 1472 710 iri,
1491 638 1721 717 diliyite
1737 659 1946 697 umores
1959 649 2196 708 vestra&

94 742 249 796 sicut
269 748 322 794 cc
350 736 619 796 Christus
643 737 854 793 dilect-ic
882 734 1239 802 Ecclesiam,
1266 741 1323 789 et
1341 735 1590 808 seipsum
1629 733 1888 790 tradidit
1902 755 2020 811 pro
2056 755 2206 817 ca...-

94 835 546 891 Sacramcntam
579 831 682 889 hoc
713 849 1002 910 magnum
1039 837 1155 897 esc,
1188 847 1285 904 eqo
1307 836 1511 883 autem
1543 827 1766 884 dico-in
1796 828 2028 887 Christo
2049 839 2103 886 et
2126 833 2195 887 in

93 926 379 985 Ecclesia.
405 924 623 997 Quibus
643 923 832 985 verbis
866 919 1170 1003 Apostolus
1197 941 1316 978 non
1339 918 1529 978 solum
1544 921 1821 999 significat
1840 967 1856 995 7
1891 925 2198 982 Matrimo-

92 1020 258 1077 nium
285 1018 804 1097 exhiberesignum
835 1038 935 1077 seu
962 1015 1537 1097 repraesentationem
1569 1015 1797 1073 unionis
1826 1015 2038 1075 Christi
2062 1039 2196 1077 cum

95 1114 340 1173 Ecclesia
361 1158 378 1188 ,
417 1113 519 1174 sed
542 1124 818 1194 praeterea
850 1110 1251 1193 complectitur
1278 1110 1502 1184 officia,
1529 1108 1739 1191 quibus
1780 1115 2048 1190 conjuges
2092 1134 2200 1193 per

93 1210 252 1268 illam
274 1203 545 1268 unicnem
567 1207 1009 1287 adstringuntur
1028 1252 1043 1281 ,
1065 1228 1322 1265 amorem
1339 1207 1631 1287 praecipue
1650 1204 2154 1286 supernaturalem
2175 1252 2191 1281 ,
2219 1220 2222 1222 ’

94 1327 209 1386 quo
220 1325 281 1364 se
297 1314 498 1362 mutuo
513 1302 748 1382 diligere
761 1301 1000 1374 debent,
1025 1302 1171 1360 sicut
1189 1301 1450 1360 Christus
1466 1300 1653 1380 diligit
1668 1300 1993 1359 Ecclesiam.
2011 1303 2199 1360 Nemo

95 1411 289 1459 autem
322 1400 646 1478 negaverit,
676 1398 750 1458 ad
778 1398 899 1458 haec
922 1399 1104 1457 officia
1141 1397 1466 1479 proestanda
1512 1420 1655 1478 opus
1692 1419 1815 1458 esse
1849 1398 2030 1477 gratia
2069 1397 2199 1456 Sal-

93 1495 328 1567 vatoriS,
366 1504 425 1553 et
449 1494 687 1575 quidem
715 1495 872 1574 jugi,
898 1494 1128 1575 qualem
1153 1514 1367 1574 nempe
1390 1495 1759 1551 Sacramenta
1783 1492 2052 1551 tribuunt
2075 1537 2093 1567 ,
2122 1492 2198 1552 ad

91 1599 306 1648 statum
350 1589 829 1648 sanctificandum
862 1600 1037 1668 atque
1083 1588 1157 1645 ad
1201 1593 1320 1665 ejus
1364 1589 1544 1645 finem
1589 1585 1996 1645 obtinendum.
2044 1588 2199 1648 Hinc

89 1695 303 1765 praeter
317 1684 566 1762 insignes
584 1682 918 1762 Theologos.
934 1682 1328 1741 Catechismus
1343 1683 1637 1740 Romanus
1653 1680 1894 1739 Paulino
1910 1694 2197 1742 commate

69 1779 271 1836 utitur
293 1777 365 1836 ad
389 1777 755 1859 probandam
778 1778 1136 1837 Sacramenti
1176 1776 1532 1836 Matrimonii
1557 1776 1890 1836 veritatem.
1926 1777 2075 1836 Cum
2104 1789 2197 1836 ta-

90 1895 227 1931 men
272 1872 492 1932 nobiles
523 1873 620 1932 alii
663 1871 932 1951 Theologi
962 1883 1021 1931 et
1072 1873 1452 1953 interpreteS,
1508 1872 1811 1948 Cajetanus
1834 1916 1849 1945 7
1901 1873 2193 1953 Vasquez‚

92 1967 277 2025 Estius
298 2011 315 2041 ,
357 1966 715 2026 Fromondus
738 2011 753 2041 ,
781 1967 1168 2026 Bernardinus
1208 1988 1241 2024 a
1283 1965 1549 2041 PiconiO,
1576 1965 1785 2046 aliique
1834 1986 1956 2023 non
1990 1967 2192 2046 pauci,

91 2063 395 2139 efficaciter
409 2061 616 2121 saltem
633 2062 753 2123 sive
776 2084 846 2120 ex
867 2062 976 2119 hoc
1003 2063 1124 2122 sive
1150 2083 1222 2120 ex
1235 2061 1381 2133 aliis,
1401 2082 1531 2141 quae
1550 2061 1743 2119 afferri
1767 2060 1980 2134 solent,
2001 2062 2196 2142 Scrip-

91 2166 353 2214 turarum
388 2156 527 2215 locis
548 2178 668 2214 non
699 2155 932 2237 probari
955 2155 1107 2214 hanc
1141 2157 1448 2216 veritatem
1473 2155 1869 2229 contendant,
1902 2150 1967 2213 et
1989 2156 2196 2214 Conci-

90 2249 236 2308 lium
271 2250 674 2309 Tridentinum
709 2252 935 2332 ipsum,
970 2272 1098 2309 eam
1130 2250 1291 2308 Pauli
1312 2250 1666 2308 sententiam
1696 2270 2192 2326 commemoranS,

90 2343 200 2403 hoc
237 2345 479 2403 Paulum
515 2351 789 2404 innuisse
823 2344 1231 2404 tantummodo
1268 2344 1518 2403 affirmet
1539 2387 1555 2417 0,
1594 2344 1725 2403 ideo
1762 2344 1870 2403 hac
1903 2347 2027 2425 ipsa
2054 2367 2194 2406 voce

92 2458 197 2496 nos
224 2440 439 2518 pariter
471 2441 558 2497 usi
584 2461 802 2498 sumus,

179 2532 273 2589 11.
321 2532 488 2604 Quod
506 2554 646 2592 vero
664 2534 972 2614 Scripturae
991 2534 1250 2592 innuunt
1269 2578 1285 2607 ,
1311 2533 1545 2591 traditio
1569 2544 1730 2591 extra
1758 2553 1929 2592 omne
1951 2533 2195 2596 dubium

95 2627 278 2707 ponit.
315 2628 538 2686 Etenim
567 2628 866 2707 utriusque
890 2618 1150 2687 Ecclesiae
1184 2630 1412 2701 PatreS‚
1444 2627 1595 2707 iique
1617 2628 2040 2709 antiquissimi,
2069 2631 2196 2689 Ma-

94 2721 432 2779 trimonium
454 2722 515 2778 in
539 2742 784 2780 numero
822 2723 1324 2781 Sacramentorum
1367 2720 1718 2781 habuerunt.
1758 2725 1906 2782 Nam
1943 2724 2005 2782 10
2035 2724 2195 2783 Chri-

94 2816 411 2874 stianorum
439 2817 765 2896 conjugium
782 2815 879 2874 alii
900 2818 1054 2876 inter
1069 2838 1161 2876 res
1179 2838 1364 2896 sacras
1378 2829 1690 2877 numerant
1714 2863 1730 2892 ,
1754 2819 1828 2877 ad
1853 2818 2194 2898 religionem
2245 2835 2247 2837 ’

94 2911 450 2991 pertinentes
471 2955 487 2985 ,
526 2932 558 2969 a
593 2911 866 2970 ministris
904 2910 1160 2971 Ecclesiae
1191 2923 1347 2971 certo
1381 2913 1498 2971 ritu
1539 2911 1955 2987 celebranda33
2001 2919 2194 2993 cujus-

104 3171 135 3202 a
168 3154 356 3203 Christo
376 3155 591 3206 Domino
608 3159 883 3206 institutum
905 3194 917 3218 ,
948 3168 1100 3222 aperte
1182 3134 1478 3221 c'haristiam)
1498 3194 1510 3216 ‚
1553 3159 1633 3208 sed
1668 3159 1878 3208 Ecclesiae
1908 3177 1989 3223 pro
2018 3161 2192 3210 ratione

104 3237 377 3286 refelluntur
426 3239 651 3288 Obcrthur
689 3274 706 3301 ,
752 3238 876 3287 Idea
927 3239 1101 3288 biblica
1184 3251 1230 3290 et
1254 3242 1503 3307 indigentia
1548 3251 1807 3306 temporum
1830 3251 2095 3306 potestatem
2120 3261 2192 3293 re·

104 3316 330 3367 Ecclesiae
354 3314 456 3367 Dei
476 3357 489 3379 ‚
524 3331 642 3385 part.
675 3338 690 3368 1
710 3358 723 3380 ‚
768 3338 873 3386 pag.
899 3336 988 3385 90,
1018 3320 1102 3369 So-
1185 3324 1374 3389 liquisse
1408 3325 1567 3372 eadem
1597 3323 1799 3385 'augendi
1817 3361 1831 3384 ,
1867 3323 2007 3389 idque
2037 3326 2192 3373 nomi-

102 3399 260 3447 lisbaci
289 3397 413 3447 1828
431 3437 446 3460 ,
477 3400 647 3451 Holder
678 3412 721 3450 et
746 3402 867 3450 Beda
902 3401 1067 3468 Mayer
1088 3438 1104 3463 ,
1186 3406 1332 3453 natim
1357 3403 1416 3453 de
1451 3403 1745 3452 Matrimonio
1769 3403 1948 3453 ,valet-e.
1976 3403 2045 3453 Ita
2072 3405 2192 3454 desi-

102 3484 182 3547 qui
213 3499 318 3529 eum
347 3484 517 3542 secuti,
548 3483 774 3533 affirmare
787 3501 884 3532 non
914 3483 1098 3533 dubita·
1177 3490 1316 3552 piant
1330 3488 1381 3535 in
1405 3484 1649 3534 Germania
1666 3482 1876 3535 homines
1895 3521 1910 3547 ,
1934 3490 2014 3554 qui
2047 3503 2094 3537 se
2119 3504 2194 3536 ca-

99 3571 210 3629 rpnt
239 3599 251 3622 ‚
284 3563 518 3611 Christum
567 3581 712 3628 pauca
760 3565 908 3613 solum
946 3564 1098 3614 Sacra·
1181 3568 1372 3618 tholicos
1403 3567 1704 3632 profitentur!

101 3654 251 3695 menta
281 3644 536 3695 instituisse
572 3644 887 3710 (Baptismum
919 3654 964 3695 et
1003 3645 1098 3694 Eu-
