2508 4120
281 90 402 150 302
946 105 1271 144 'rasum-rus
1314 107 1384 142 mi
1428 107 1807 150 mam-amomo.

1119 262 1611 307 DIFFICULTATES.

367 422 502 483 184.
546 418 681 498 obj.
712 420 924 502 prima.
970 420 1032 476 1ο
1064 419 1115 477 Ii
1142 417 1430 477 falluntur
1459 421 1715 499 graviter
1735 465 1752 496 ,
1789 421 1891 503 qui
1923 431 2167 504 propter
2195 425 2419 490 dictum

277 518 594 580 anathema
626 515 999 576 Tridentinos
1037 536 1292 574 canones
1329 537 1452 573 non
1490 515 1565 574 ad
1594 514 1964 599 disciplinam
2004 529 2276 597 tantum,
2314 525 2420 593 sed

278 616 458 676 etiam
488 614 563 673 ad
591 613 772 672 fidem
797 613 1096 694 pertinere
1135 611 1349 671 docent
1383 637 1399 686 ε,
1434 613 1599 693 quasi
1634 633 1773 673 vero
1796 634 1985 674 canon
2017 615 2080 673 in
2109 614 2427 699 disciplinae

277 733 449 771 causa
474 711 668 771 editus
688 708 1066 768 anathemate
1093 709 1314 767 muniri
1337 731 1458 766 non
1483 708 1688 790 possit.
1709 710 2056 770 Nescierunt
2073 713 2422 792 Gregorium

268 808 601 888 juniorem,
637 829 772 866 cum
808 805 1093 888 quasdam
1123 805 1271 864 circa
1300 806 1742 865 Matrimonium
1778 806 1932 889 leges
1959 807 2171 889 negligi
2199 812 2425 894 perspi-

277 916 473 979 ceret⁷
511 916 579 964 ut
614 903 729 964 illae
758 903 1091 983 diligentius
1122 901 1561 961 custodirentur
1600 924 1780 984 quam
1819 915 2025 979 antea,
2062 905 2127 964 in
2160 907 2424 970 Romano

278 1001 539 1062 Concilio
571 1001 805 1061 decreta
838 999 962 1058 haec
993 997 1325 1058 condidisse
1362 1019 1377 1057 :
1417 1000 1491 1057 Si
1521 1003 1659 1079 quis
1691 1012 2084 1060 commatrem
2122 1005 2425 1081 spiritua-

277 1101 393 1157 lem
429 1100 682 1158 demerit
729 1101 799 1155 in
835 1100 1150 1176 conjuqz'O,
1192 1095 1520 1154 anathema
1556 1098 1655 1154 sit.
1712 1097 1785 1154 Si
1821 1100 1957 1176 quis
1997 1099 2425 1159 consobrinam

274 1197 526 1255 duxerit
557 1198 628 1253 in
663 1196 942 1274 conjugio
957 1235 982 1264 ,
1019 1193 1350 1251 anatliema
1377 1196 1476 1251 sit.
1518 1193 1656 1266 Quis
1695 1203 1894 1252 autem
1926 1205 2169 1275 propter
2196 1193 2424 1255 denun-

278 1293 494 1352 tiatum
539 1290 760 1374 duplex
791 1289 1107 1349 anathema
1140 1287 1351 1368 dogma
1387 1287 1521 1348 fidei
1554 1288 1777 1371 duplex
1821 1311 1854 1349 a
1882 1291 2160 1371 Gregorio
2203 1294 2424 1353 consti·

277 1399 474 1448 tutum
500 1385 827 1448 assereret?
855 1385 1257 1469 Spectandum
1273 1397 1362 1445 est
1387 1386 1448 1444 in
1465 1385 1672 1468 primis
1695 1431 1710 1460 7
1738 1397 1940 1445 utrum
1969 1388 2206 1446 canonis
2233 1399 2424 1448 mate-

278 1485 361 1543 ria
380 1484 514 1543 fidei
531 1484 743 1562 dogma
761 1483 931 1542 ferat.
952 1482 1129 1563 Atqui
1148 1503 1444 1541 canonum
1468 1528 1484 1557 7
1502 1481 1575 1542 de
1594 1481 1804 1564 quibus
1828 1494 1920 1543 est
1934 1504 2148 1557 sermo,
2175 1485 2421 1544 materia

279 1579 512 1638 nullum
541 1578 679 1638 fidei
717 1577 927 1658 dogma
955 1598 1077 1660 prae
1102 1599 1164 1637 se
1196 1577 1312 1637 fert
1331 1622 1347 1651 .,
1389 1588 1455 1635 ut
1483 1589 1664 1658 patet.
1704 1578 1772 1636 2⁰
1811 1581 2096 1637 Praeterea
2125 1578 2200 1638 ad
2231 1580 2422 1639 since-

278 1697 409 1735 ram
446 1673 785 1752 hujusmodi
828 1694 1121 1732 canonum
1152 1673 1279 1733 vim
1322 1672 1784 1754 assequendam,
1835 1674 2163 1756 praecipuus
2216 1696 2422 1734 eorum

281 1772 415 1831 finis
449 1782 540 1830 est
562 1769 1030 1849 investigandus.
1068 1771 1205 1828 Jam
1233 1790 1372 1829 vero
1395 1780 1517 1827 tota
1543 1769 1605 1827 in
1631 1791 1699 1828 eo
1727 1769 1838 1827 fuit
1864 1769 2207 1828 Tridentina
2227 1771 2420 1850 Syno-

278 1866 422 1943 duS‚
466 1876 533 1924 ut
569 1864 810 1924 Lutheri
847 1875 1254 1924 commentum
1294 1863 1703 1939 labefactaret,
1743 1866 1845 1947 qui
1870 1863 2103 1924 nullum
2135 1865 2416 1927 humanae

278 1962 558 2047 potestati
573 1966 670 2042 jus
688 1960 987 2021 tribuebat
1006 1962 1071 2020 in
1096 1961 1559 2036 Matrimonium3
1580 1961 1691 2021 hoc
1706 1962 1881 2042 igitur
1900 1984 2086 2021 unum
2111 1962 2188 2022 ad
2211 1961 2422 2043 dogma

277 2060 578 2143 pertinere
605 2057 924 2118 dicendum
955 2069 1070 2131 est,
1100 2079 1319 2139 nempe
1348 2057 1627 2117 humanae
1663 2058 1940 2140 potestati
1961 2060 2057 2136 jus
2094 2057 2332 2140 aliquod
2358 2059 2422 2118 in

281 2154 728 2216 Matrimonium
764 2174 890 2213 esse
931 2153 1335 2212 tribuendum.
1376 2153 1442 2212 30
1474 2155 1548 2212 Ea
1590 2154 1770 2234 igitur
1814 2154 2151 2213 Tridentini
2196 2154 2376 2215 verba
2400 2199 2417 2230 ‚

280 2254 617 2330 Ecclesiam
647 2253 912 2331 potuisse
944 2271 1010 2309 ac
1040 2271 1213 2329 posse
1246 2249 1602 2309 constituere
1638 2248 2065 2331 impedimenta
2110 2251 2421 2311 Matrimo-

280 2352 450 2410 nium
478 2348 814 2408 dirimentia
840 2392 856 2419 ἦ
898 2358 1114 2430 praeter
1146 2346 1518 2428 propositum
1550 2344 1659 2405 sibi
1693 2347 1873 2405 finem
1910 2345 2135 2424 adjecta
2172 2345 2423 2408 dicenda

281 2458 452 2520 sunt‚
484 2467 549 2505 ac
569 2442 819 2529 proinde
844 2442 1193 2503 catholicum
1221 2441 1433 2524 dogma
1459 2462 1582 2501 non
1612 2464 1735 2523 prae
1763 2464 1823 2501 se
1847 2441 2034 2515 ferre3
2061 2453 2239 2524 prout
2252 2447 2424 2521 juxta

280 2542 583 2622 theologos
609 2563 815 2601 omnes
871 2539 1085 2622 dogma
1127 2561 1248 2597 non
1288 2560 1407 2621 prae
1433 2559 1494 2598 se
1530 2537 1644 2597 fert
1685 2538 1987 2619 responsio
2029 2538 2251 2598 Nicolai
2289 2541 2313 2598 I
2346 2538 2422 2599 ad

283 2639 559 2719 Bulgaros
580 2638 739 2713 data7
761 2637 905 2698 dum
929 2658 1050 2696 non
1072 2637 1465 2717 interrogatus
1490 2647 1667 2718 atque
1685 2634 2014 2697 incidenter
2031 2634 2204 2711 dixit,
2222 2634 2419 2695 valere

284 2857 398 2907 l’an.
412 2855 559 2925 1784,
575 2860 674 2906 sine
693 2858 794 2906 loeo
811 2859 1174 2921 impress.anno¹
1189 2853 1309 2921 788.
1395 2854 1707 2903 illustrantur
1737 2855 1842 2919 ejus
1858 2854 2000 2902 editoe
2021 2870 2080 2901 ea·
2102 2852 2421 2920 typoqraphia

285 2939 442 2990 Tertia
471 2942 641 3004 pariter
664 2940 826 3000 >italico
851 2940 1073 2986 idiomate
1109 2955 1123 2986 ε
1157 2934 1312 2987 Terza
1395 2934 1598 3003 Soffietti
1636 2952 1767 2985 anno
1815 2934 1942 3001 1788
1968 2939 2322 3002 propositiones
2364 2937 2422 2985 de

281 3023 439 3089 difem
462 3023 532 3070 de’
556 3022 751 3071 Canoni
784 3020 828 3071 T
826 3022 1012 3070 rentini
1034 3019 1311 3085 suql'impe-
1388 3029 1617 3087 potestate
1639 3016 1868 3067 Ecclesiae
1882 3021 1938 3067 in
1957 3017 2298 3069 Matrimonia.
2317 3020 2420 3071 Cfr.

283 3106 492 3155 dimenti
513 3104 873 3155 matrimoniali
903 3105 1070 3151 scritta
1102 3102 1167 3151 da
1194 3099 1308 3152 Pie·
1396 3116 1611 3171 praeterea
1666 3105 1944 3153 Emmanuel
1987 3105 2188 3156 Marian.
2240 3105 2420 3155 D’lttu-

284 3198 356 3237 tro
376 3188 582 3240 Diodato
612 3187 911 3255 Napolitano
943 3194 1105 3235 contro
1127 3185 1201 3251 qli
1237 3203 1311 3234 er·
1395 3191 1519 3254 riaga
1551 3185 1600 3237 S.
1634 3187 1682 3237 J.
1716 3187 1969 3236 L'avocato
2006 3189 2241 3255 Pistojeee
2276 3190 2421 3237 citato

284 3276 426 3320 ronei
452 3270 669 3320 libercoli
699 3271 930 3336 stampati
959 3269 1014 3317 di
1039 3277 1229 3317 recente
1256 3272 1315 3317 in
1394 3270 1446 3319 al
1463 3268 1706 3319 tribunale
1732 3269 1838 3318 delt’
1868 3272 2094 3332 autor-ita,
2119 3271 2240 3320 della
2258 3271 2420 3320 buo-na

284 3353 471 3420 Napoli
498 3373 523 3403 e
547 3355 711 3404 divisa
734 3356 790 3403 in
817 3352 911 3401 due
947 3355 1116 3419 parti,
1155 3352 1312 3417 Mega·
1394 3355 1568 3403 critica
1586 3393 1599 3412 ,
1619 3352 1780 3402 edella
1809 3355 2010 3418 raqione
2028 3391 2042 3415 ‚
2073 3353 2198 3403 sulla
2218 3353 2419 3420 podest&

285 3436 428 3502 lopoli
466 3435 611 3504 1789.
641 3437 733 3504 Qui
770 3438 933 3487 eodem
976 3453 1099 3484 anno
1138 3437 1308 3500 episto·
1392 3436 1518 3485 della
1559 3436 1736 3486 Chiesa
1765 3435 1955 3484 intorno
1986 3435 2031 3485 α’
2061 3435 2413 3495 Matrimonii,

285 3520 382 3569 lam
409 3519 604 3568 latinam
651 3520 779 3570 dedit
818 3539 873 3570 ex
911 3518 1184 3585 Megalopoli
1222 3517 1311 3566 Ad
1391 3519 1482 3568 vol.
1521 3534 1587 3580 tv,
1615 3536 1728 3586 opp.
1761 3518 1874 3569 edit.
1913 3518 2147 3570 Genuens.
2185 3515 2333 3585 1789.

285 3600 606 3667 Anonymum
622 3613 962 3653 antecessorem
982 3599 1186 3654 Tauria.
1201 3617 1300 3665 qua
