2612 4146
307 169 387 230 56
844 194 1163 233 ‘suenrus
1207 193 1276 229 nr.
1319 193 1590 235 axa-anm,
1633 187 1933 236 umc'rlomz.

305 336 457 397 stolo
479 339 920 398 Sacramentum
949 336 1258 394 instituere
1274 379 1290 409 ‚
1319 335 1478 416 quod
1502 336 1578 397 ad
1600 337 1794 398 solum
1822 339 2125 399 Christum
2147 340 2436 421 pertinet;

310 432 377 492 30
415 434 551 516 quia
580 434 832 516 ipsemet
868 429 1045 490 card.
1081 433 1390 509 Cajetanus
1433 431 1495 490 in
1530 433 1977 494 Commentariis
2008 435 2071 493 in
2107 434 2260 495 hanc
2283 436 2442 518 epis-

306 528 492 588 tolam
529 548 799 611 expresse
833 537 1039 605 negat,
1071 525 1233 585 illam
1258 525 1461 586 Jacobi
1484 530 1840 589 sententiam
1867 530 1943 590 ad
1967 531 2323 592 Unctionem
2346 553 2445 590 sa-

306 622 725 684 cramentalem
749 620 1053 681 transferri
1076 644 1245 704 posse
1264 647 1280 696 ς
1319 622 1386 681 40
1405 623 1540 705 quia
1559 623 1636 684 de
1658 623 1866 689 eadem
1883 627 2161 687 unctione
2180 626 2442 709 loquitur

305 718 593 794 «lacobus,
644 718 718 777 de
759 741 874 801 qua
922 719 1186 793 MarcuS,
1228 719 1346 794 VI,
1393 719 1501 792 13,
1547 718 1650 778 ubi
1693 720 1934 798 scribit,
1977 722 2136 805 quod
2183 721 2445 805 Apostoli

305 817 616 898 unqebant
654 817 771 876 oleo
812 817 1033 875 multos
1071 837 1257 897 oeyros
1293 828 1349 875 et
1388 818 1717 878 sanabant.
1766 819 1904 892 Quae
1942 819 2200 901 profecto
2243 819 2445 879 unctio

304 930 428 971 non
448 909 788 994 pertinebat
804 911 917 971 nisi
939 910 1016 971 ad
1037 910 1456 972 miraculorum
1481 912 1726 974 donum.
1744 914 1810 972 5⁰
1827 915 1998 974 Certe
2019 915 2143 997 ipse
2159 917 2195 975 J
2197 914 2408 976 acobus
2425 961 2442 990 .‚

305 1029 424 1068 suae
466 1008 757 1067 unctionis
794 1007 1032 1068 effectus
1068 1029 1423 1068 enumerans
1446 1055 1463 1081 ,
1505 1010 1698 1091 primo
1732 1011 2005 1070 nominat
2037 1009 2168 1069 illos
2188 1056 2205 1086 7
2239 1012 2339 1093 qui
2368 1010 2445 1070 ad

307 1124 519 1186 corpus
542 1114 812 1186 spectant
837 1105 960 1165 :Et
980 1105 1295 1165 alleviabit
1312 1127 1452 1164 eum
1478 1106 1810 1176 Dominus,
1843 1105 2058 1166 deinde
2084 1105 2217 1166 illos
2245 1107 2348 1189 qui
2371 1105 2448 1166 ad

306 1199 570 1260 animam
595 1222 608 1258 :
638 1200 729 1260 Et
751 1204 812 1259 si
833 1203 902 1259 in
915 1203 1182 1280 pecc-atis
1207 1203 1319 1276 sit,
1353 1204 1737 1261 remittentur
1755 1205 1828 1261 ei.
1853 1202 1920 1260 60
1953 1203 2141 1275 Quem
2163 1202 2449 1285 posterio-

305 1317 433 1355 rem
456 1295 735 1357 effectum
754 1294 1203 1379 hypotheticum
1223 1308 1461 1356 tantum
1485 1318 1609 1357 esse
1625 1298 1844 1357 evincit
1857 1297 2139 1380 particula
2168 1303 2257 1370 si,
2289 1296 2450 1380 quod

307 1403 656 1473 argumento
692 1402 778 1451 est
823 1392 1167 1451 unctionem
1206 1392 1361 1452 hanc
1392 1392 1879 1453 sacramentalem
1915 1415 2040 1454 esse
2079 1415 2203 1453 non
2238 1415 2444 1476 posse3

308 1489 378 1549 70
409 1489 456 1547 si
491 1500 694 1549 tamen
734 1487 808 1548 de
846 1489 1059 1549 effectu
1094 1489 1384 1571 spirituali
1416 1490 1510 1550 hic
1546 1511 1739 1550 sermo
1776 1490 1850 1549 sit
1871 1536 1887 1564 ,
1921 1512 2044 1550 non
2080 1512 2222 1550 vero
2253 1491 2447 1573 potius

311 1584 385 1645 de
406 1584 787 1667 inorbisripsis
811 1630 828 1660 ‚
855 1586 956 1668 qui
975 1585 1396 1668 spectabantur
1423 1585 1590 1648 velut
1617 1597 1992 1669 peccatorum
2015 1587 2285 1660 effectus3
2312 1585 2451 1644 hinc

309 1679 519 1740 morbo
541 1692 742 1740 curato
764 1726 781 1756 .,
815 1681 994 1741 etiam
1016 1693 1320 1764 peccatum
1353 1683 1550 1766 ipsum
1578 1681 1976 1743 condonatum
2006 1680 2308 1742 dicebatur
2333 1680 2446 1763 (l).

308 1778 478 1858 Ergo.
906 1838 913 1843 .

396 1875 495 1934 10.
546 1878 721 1958 Resp.
760 1875 849 1936 Ad
883 1877 999 1952 1¹1¹,
1044 1879 1205 1937 Dist.
1249 1880 1547 1937 Incertum
1586 1890 1675 1937 est
1704 1878 1963 1938 Luthero
1994 1899 2060 1936 ac
2094 1879 2288 1959 paucis
2328 1880 2454 1955 ejus

311 1972 541 2031 asseclis
557 2019 572 2048 .,
601 1985 804 2033 utrum
819 1973 1022 2034 Jacobi
1047 1975 1292 2057 epistola
1320 1978 1597 2035 canonica
1621 1976 1696 2034 sit
1716 2022 1731 2051 ,
1751 1997 1941 2043 cone.,·
1964 1974 2275 2035 Catholicis
2290 2019 2306 2049 ,
2331 1975 2453 2032 imo

309 2080 370 2128 et
392 2070 860 2131 protestantibus
874 2072 1015 2155 ipsis
1030 2071 1452 2132 recentioribus
1467 2117 1485 2147 ‚
1520 2094 1649 2154 neq.
1669 2074 1861 2147 Quare
1876 2071 2166 2132 Lutherus
2187 2072 2454 2150 rejecerit

313 2175 598 2247 tanquam
635 2173 1035 2227 stramineum
1079 2167 1283 2227 Jacobi
1318 2169 1665 2250 epistolam,
1706 2181 1845 2227 nota
1889 2190 1981 2228 res
2025 2178 2144 2242 est,
2190 2189 2259 2226 eo
2293 2164 2453 2248 quod

310 2282 533 2344 nempe
563 2261 776 2322 viderit
804 2262 977 2342 hujus
1004 2261 1264 2345 epistolae
1293 2265 1636 2324 auctoritate
1664 2276 1856 2323 totum
1882 2286 2055 2322 suum
2079 2263 2151 2321 de
2165 2262 2454 2340 justifica-

310 2357 473 2435 tione
507 2359 636 2418 sine
669 2359 944 2440 operibus
977 2360 1339 2442 principium
1381 2359 1558 2442 plane
1595 2361 1806 2420 everti.
1846 2360 2124 2420 Ceterum
2150 2363 2454 2437 injustum

263 2490 266 2492 -
304 2457 656 2535 falsumque
673 2501 690 2531 ,
719 2468 786 2514 ut
803 2457 1163 2516 Wetstenius
1186 2467 1354 2517 vocat
1377 2501 1394 2528 .,
1420 2455 1662 2517 Lutheri
1677 2455 1750 2515 de
1767 2455 1876 2515 hac
1897 2454 2143 2538 epistola
2163 2454 2454 2533 judicium

311 2553 666 2612 recentiores
711 2574 916 2611 omnes
959 2555 1359 2612 Protestantes
1396 2551 1727 2635 explodunt
1766 2553 1896 2634 (2),
1938 2553 2082 2634 quin
2120 2551 2229 2611 hac
2277 2550 2351 2611 de
2389 2572 2456 2611 re

312 2646 542 2706 solliciti
578 2648 783 2710 simus,

400 2744 498 2802 11.
551 2743 639 2803 Ad
673 2744 759 2801 2¹1¹
781 2790 797 2819 ,
831 2745 990 2805 Dist.
1030 2748 1110 2805 Ac
1140 2757 1453 2828 propterea
1480 2749 1650 2824 juxta
1690 2743 2108 2804 Tridentinum
2145 2739 2453 2823 Apostolus

312 2838 505 2899 solum
528 2842 981 2921 promulqavit,
1008 2841 1166 2923 quod
1190 2842 1456 2900 Christus
1480 2841 1737 2900 instituit
1757 2885 1774 2914 ,
1805 2861 2003 2913 eonc.,·
2037 2837 2294 2896 instituit
2329 2837 2453 2919 ipse

313 2935 427 2995 hoc
461 2938 902 2996 Sacramentum
927 2982 942 3011 ,
978 2936 1188 2996 saltem
1218 2939 1563 2996 auctoritate
1594 2936 1831 3018 propria
1851 2980 1867 3010 .,
1904 2957 2036 3015 neq.

402 3033 498 3092 12.
550 3032 639 3092 Ad
676 3032 789 3109 3¹¹¹,
826 3035 983 3092 Disc.
1022 3033 1324 3092 Immerito
1352 3044 1414 3091 et
1447 3042 1657 3093 contra
1684 3041 1953 3091 veterum
1983 3028 2409 3111 expositionem
2432 3074 2448 3104 ‚

313 3150 500 3199 eone.,·
525 3129 733 3189 merito
760 3149 825 3188 ac
839 3133 1010 3207 juxta
1036 3128 1333 3188 catholicae
1357 3149 1662 3208 exegeseos
1693 3126 1920 3207 regulas
1946 3171 1962 3201 .,
1991 3147 2120 3205 neq.
2144 3126 2282 3184 Haec
2315 3126 2450 3184 Car·

314 3225 525 3285 dinalis
577 3226 888 3304 Cajetanus
931 3225 1161 3307 scripsit
1207 3236 1345 3284 ante
1387 3222 1710 3284 Concilium
1754 3221 2206 3296 Tridentinum,
2263 3241 2449 3303 quare

385 3471 457 3537 (l)
484 3471 552 3520 Ita
582 3473 908 3524 Rosenmiiller
935 3476 985 3522 in
1013 3490 1119 3539 cap.
1153 3470 1216 3533 5,
1240 3472 1339 3539 Ep.
1425 3472 1569 3519 d’une
1598 3469 1927 3519 introductiva
1967 3470 2175 3535 critique
2215 3486 2284 3517 au
2314 3467 2450 3515 Nou-

314 3554 428 3603 Jac.
453 3573 501 3603 v.
540 3553 618 3603 15.
1424 3570 1548 3601 veau
1578 3552 1871 3601 Testament.
1905 3551 2093 3601 Geneve
2127 3550 2286 3610 1823,
2310 3549 2446 3597 divis.

385 3640 458 3701 (2)
491 3636 591 3687 cfr.
642 3638 687 3686 J.
741 3637 907 3704 Georg.
954 3638 1301 3689 Rosenmiilleri
1324 3675 1337 3698 ‚
1425 3639 1654 3686 troisieme
1677 3675 1691 3697 ,
1738 3636 1940 3702 Epitres
1986 3635 2277 3700 catholiques
2298 3670 2312 3694 ‚
2346 3650 2447 3682 sec-

230 3776 233 3778 ,
315 3722 443 3789 praef.
471 3725 521 3771 in
559 3721 683 3771 hanc
722 3720 870 3787 Epist.
905 3704 1158 3783 Cellerier,
1190 3719 1342 3769 Essai
1424 3723 1522 3769 tion
1553 3737 1702 3786 prem.
1734 3718 1912 3787 Epitre
1942 3719 2001 3767 de
2029 3718 2084 3769 S.
2117 3719 2341 3782 lacques.
