2612 4146
359 140 438 200 32

972 163 1298 202 TRACTATUS
1342 164 1411 199 DE
1456 164 1867 204 INDULGENTHS.

446 309 546 368 64.
599 308 1087 391 Superestigitur7
1118 316 1185 363 ut
1211 306 1612 384 ostendamus7
1640 309 1854 369 horum
1876 312 2220 372 meritorum
2248 316 2500 398 applica-

364 406 588 469 tionem
626 406 747 465 sive
790 399 1586 481 thesauridispensationem
1622 405 1882 467 Ecclesia>
1930 409 2256 469 ministerio
2296 422 2355 470 et
2392 434 2499 470 au—

365 503 619 560 ctoritati
647 500 943 560 Christum
974 496 1350 555 commisisse.
1376 499 1511 556 Jam
1544 519 1680 557 vero
1700 502 2006 582 Apostolus
2027 548 2043 578 7
2071 505 2124 563 II
2145 507 2273 564 Cor.
2292 507 2358 582 V,
2385 506 2458 565 18
2479 550 2496 580 7

365 597 568 657 scribit
598 618 612 655 z
651 596 830 655 Dedit
857 593 1062 672 (Deus)
1096 595 1267 650 nobis
1304 594 1722 652 ministerium
1775 582 2303 660 reconciliationis.
2358 590 2500 675 Quae

364 692 545 754 verba
572 712 706 750 cum
738 687 1167 768 generalissima
1191 688 1309 746 sint
1325 733 1347 760 ,
1376 689 1854 771 complectuntur⁴
1877 695 2264 756 ministerium
2293 718 2502 756 recon-

369 786 706 859 ciliationis7
740 783 899 866 quod
922 783 1234 869 exhibetur
1264 796 1389 843 tum
1414 807 1519 866 per
1552 772 2028 868 praedicationem
2054 836 2069 865 7
2099 803 2227 850 tum
2268 813 2374 873 per
2406 795 2504 853 Sa-

362 892 699 958 cramenta,
750 892 876 938 tum
921 890 1086 939 extra
1135 882 1529 939 Sacramenta.
1568 884 1748 942 Docet
1777 889 2147 965 praeterea71
2193 888 2323 947 Cor.
2379 891 2450 947 IV
2482 935 2499 964 7

366 978 674 1061 Apostolos
719 999 841 1037 esse
879 980 1191 1036 ministros
1235 978 1466 1036 Christi
1521 990 1577 1036 et
1608 981 2043 1058 dispensatores
2074 989 2503 1062 mysteriorum

359 1079 485 1136 Dei
499 1122 515 1151 7
545 1075 750 1156 quavis
776 1072 1018 1132 demum
1036 1074 1263 1133 ratione
1285 1073 1408 1133 haec
1440 1073 1880 1155 dispensentur.
1914 1079 2089 1153 Hinc7
2121 1081 2507 1160 quemadmo-

364 1173 509 1232 dum
532 1171 795 1230 Christus
823 1169 1081 1229 Ecclesiae
1101 1171 1385 1229 concessit
1415 1170 1869 1252 applicationem
1894 1176 2241 1234 meritorum
2263 1198 2504 1237 suorum

361 1291 468 1352 per
491 1269 1000 1327 Sacramentorum
1026 1266 1595 1324 administrationem
1616 1312 1631 1341 7
1672 1267 1942 1327 eamdem
1964 1268 2050 1327 illi
2074 1273 2366 1331 commisit
2394 1295 2504 1355 ap-

361 1364 738 1448 plicationem
777 1361 1104 1421 faciendam
1134 1362 1353 1422 virtute
1384 1361 1636 1420 clavium
1658 1407 1673 1436 7
1712 1385 1853 1444 quas
1883 1365 1938 1422 ei
1963 1365 2225 1424 tradidit.

445 1461 544 1520 65.
592 1461 726 1518 Haec
750 1459 1178 1517 confirmantur
1201 1478 1270 1515 ex
1299 1456 1573 1536 dogmate
1596 1457 1669 1516 de
1692 1460 2107 1518 communione
2131 1462 2500 1537 Sanctorum,

361 1559 452 1618 cui
482 1557 722 1616 innixus
747 1554 902 1614 idem
934 1553 1266 1636 Apostolus,
1292 1554 1343 1612 II
1369 1555 1498 1612 Cor.
1525 1555 1654 1612 VIII
1677 1600 1692 1629 7
1725 1554 1798 1613 14
1828 1601 1844 1630 7
1878 1556 2155 1629 divitibus
2187 1558 2504 1618 Corinthiis

362 1653 654 1715 scribebat
687 1675 700 1710 ε
737 1652 824 1739 In·
839 1653 1128 1731 praesenti
1161 1661 1419 1729 tempore
1441 1660 1636 1708 vestra
1669 1652 2056 1711 abundantia
2080 1674 2289 1711 eorum
2317 1654 2340 1731 (
2356 1675 2505 1735 pau—

361 1773 570 1834 perum
624 1746 1335 1828 Hierosolymitanorum)
1375 1748 1645 1824 inopiam
1681 1749 1961 1826 suppleat
1986 1792 2002 1821 7
2058 1759 2131 1806 ut
2160 1759 2220 1807 et
2262 1751 2505 1809 illorum

362 1847 753 1907 abundantia
797 1854 999 1902 vestroe
1045 1844 1269 1921 inopioe-
1306 1843 1386 1899 sit
1422 1842 1900 1920 supplementum
1918 1886 1939 1914 ,
1991 1855 2060 1902 ut
2095 1845 2210 1923 fiat
2247 1848 2504 1924 aequali-

362 1956 454 2004 tas
489 1944 601 2022 (l).
638 1943 779 2000 Haec
820 1951 1019 1999 autem
1052 1936 1353 2019 aequalitas
1394 1937 1655 2018 profecto
1692 1938 1755 1995 in
1791 1944 2066 2011 meritis,
2106 1960 2232 2022 quae
2267 1942 2505 2023 propria

362 2041 821 2119 uniuscujusque
864 2046 1038 2109 sunt7
1086 2034 1208 2093 fieri
1246 2054 1368 2091 non
1406 2043 1643 2113 potest3
1688 2054 1823 2114 ergo
1880 2035 1944 2092 in
1987 2039 2505 2115 satisfactionibus

363 2139 473 2195 ista
519 2139 779 2215 oequatio
821 2132 947 2191 fieri
987 2129 1200 2202 debet7
1227 2139 1294 2186 ut
1325 2127 1485 2208 quod
1515 2129 1619 2186 uni
1656 2128 2098 2211 superabundat
2119 2176 2135 2205 7
2181 2132 2244 2190 in
2277 2131 2503 2191 bonum

368 2232 537 2292 cedat
570 2229 694 2288 aliis
714 2273 731 2304 7
767 2227 870 2309 qui
900 2227 1195 2286 deficiunt.
1229 2224 1375 2303 Ergo
1401 2222 1514 2304 (2).

1286 2433 1326 2481 J
1325 2451 1405 2482 am

367 2441 617 2508 Apostolus
665 2438 1011 2503 Indulgentiam
1055 2435 1186 2485 dedit
1228 2450 1245 2484 ε

363 2534 481 2574 tunc
529 2525 684 2589 igitur
702 2519 961 2587 Apostolus
991 2518 1285 2569 reddendum
1309 2517 1405 2570 Sa-

365 2607 621 2658 oramentis
624 2605 881 2669 judicavit
914 2601 1178 2651 coelestibus
1195 2641 1207 2664 7
1226 2606 1273 2651 si
1279 2621 1404 2669 pur—

362 2692 475 2755 qari
486 2707 534 2737 se
551 2691 652 2754 ipse
669 2687 819 2736 vellet.
829 2686 877 2733 E
880 2694 897 2732 t
909 2685 1024 2733 bene
1040 2688 1111 2733 ait
1121 2696 1405 2752 expurqat25

366 2771 494 2822 velut
522 2771 655 2818 enim
684 2768 910 2834 operibus
935 2768 1226 2832 quibusdam
1256 2770 1405 2817 totius

361 2853 542 2922 populi
572 2860 818 2919 purqatur
850 2888 863 2909 7
907 2858 952 2897 et
982 2849 1139 2915 plebis
1164 2850 1404 2915 lacrymis

367 2936 617 2994 abluitur,
666 2935 754 2998 qui
792 2932 1093 2980 orationibus
1135 2941 1180 2980 et
1212 2932 1403 2997 fletibus

361 3018 519 3086 plebis
535 3016 795 3065 redimitur
806 3032 837 3062 a
856 3024 1054 3080 peccato
1070 3022 1115 3061 et
1141 3017 1195 3062 in-
1210 3014 1402 3063 homine

369 3100 642 3151 mundatur
686 3097 932 3146 interiore.
990 3096 1215 3146 Donavit
1270 3098 1401 3146 enim

375 3184 606 3233 Christus
654 3179 890 3232 Ecclesiae
955 3197 1055 3227 suoe
1084 3216 1097 3240 7
1143 3189 1199 3228 ut
1245 3197 1401 3228 unum

365 3283 459 3333 per
503 3281 663 3314 omnes
702 3262 988 3322 redimeret,
1037 3279 1144 3327 quoe
1188 3262 1402 3312 Domini

378 3348 500 3396 Jesu
531 3349 710 3395 meruit
733 3345 996 3394 adventum
1017 3382 1029 3404 7
1061 3354 1116 3392 ut
1128 3362 1220 3410 per
1245 3362 1401 3393 unum

372 3445 536 3479 omnes
561 3429 927 3478 redimerentur.
955 3427 1014 3474 Et
1042 3445 1089 3475 n.
1107 3424 1193 3476 81.
1230 3427 1400 3475 Consi-

375 3512 596 3560 deremus
639 3512 800 3576 ipsum
834 3508 1058 3577 Apostoli
1079 3527 1347 3558 sermonem
1381 3530 1398 3558 .-

375 3602 638 3661 expurqate
659 3629 672 3652 7
710 3595 891 3658 inquit7
925 3601 1059 3643 vetus
1085 3593 1395 3657 fermentum,

377 3686 431 3725 ut
467 3677 578 3724 sitis
623 3691 747 3739 nova
775 3679 1047 3741 conspersio
1074 3713 1088 3737 7
1127 3677 1252 3725 sicut
1287 3678 1400 3723 estis

1488 2435 1676 2499 azymi.
1712 2432 1832 2484 Sive
1852 2435 1979 2501 quod
2008 2442 2104 2485 tota
2139 2435 2364 2484 Ecclesia
2393 2453 2503 2484 sus-

1486 2519 1638 2582 cipiat
1660 2534 1782 2565 onus
1795 2521 2060 2584 peccatoris
2080 2556 2092 2578 7
2115 2521 2199 2567 cui
2211 2522 2507 2585 compatien-

1488 2599 1603 2647 dum
1653 2610 1698 2647 et
1724 2601 1858 2664 fletu
1907 2609 1951 2648 et
1998 2605 2216 2649 oratione
2255 2611 2298 2650 et
2350 2601 2507 2651 dolore

1486 2693 1553 2733 est
1580 2722 1593 2746 7
1628 2694 1673 2733 et
1701 2687 1845 2750 quasi
1881 2686 2116 2750 fermento
2146 2689 2250 2753 ejus
2281 2703 2330 2734 se
2359 2695 2506 2734 totam

1492 2776 1779 2833 consperqat
1793 2804 1807 2830 7
1829 2777 1881 2815 ut
1896 2784 1989 2832 per
2005 2768 2250 2814 universos
2278 2783 2334 2814 ea
2350 2803 2364 2828 7
2391 2781 2503 2831 quae

1484 2850 1728 2915 superflua
1756 2859 1872 2897 sunt
1897 2850 1952 2896 in
1971 2848 2133 2913 aliquo
2166 2849 2504 2913 poenitentiam

1484 2941 1653 2997 ayente
1684 2932 1846 2980 virilis
1879 2931 2223 2980 misericordiae
2258 2940 2342 2978 aut
2379 2947 2505 2979 com-

1475 3017 1728 3082 passionis
1760 3014 1887 3063 velut
1923 3013 2145 3063 collativa
2170 3014 2381 3079 quadam
2414 3015 2503 3062 ad-

1483 3100 1719 3146 mixtione
1741 3105 2033 3163 purqentur.
2062 3097 2161 3144 Cfr.
2199 3099 2251 3144 in
2275 3097 2372 3145 haec
2404 3097 2505 3146 loca

1483 3180 1650 3229 adnot.
1687 3180 1795 3228 edit.
1830 3178 2054 3228 Maurini.
2092 3178 2192 3226 Alia
2224 3179 2504 3228 documenta

1482 3264 1569 3311 cfr.
1599 3263 1721 3327 apud
1754 3262 1838 3309 Ch.
1864 3262 2074 3326 Lupum,
2108 3260 2218 3309 diss,
2251 3264 2311 3309 cit
2336 3280 2502 3330 cap.7.

1483 3346 1775 3394 Testimonia
1808 3343 1990 3392 S.Joan
2007 3343 2328 3410 Chrysostomi
2363 3345 2501 3411 paulo

1481 3429 1601 3477 infra
1625 3427 1888 3476 afferemus.

1551 3509 1623 3575 (l)
1662 3511 1720 3557 In
1751 3508 1830 3557 Gr.
1861 3518 1974 3558 text.
2003 3526 2048 3556 v.
2081 3507 2158 3558 13.
2179 3509 2280 3557 cfr.
2305 3510 2355 3556 in
2373 3507 2503 3555 hunc

1481 3594 1570 3641 loc.
1600 3591 1824 3640 Bernard.
1859 3610 1884 3639 a
1915 3590 2125 3640 Piconio.

1553 3675 1619 3740 (2)
1639 3674 1793 3724 Placet
1807 3674 1883 3723 hic
1906 3674 2089 3735 afferre,
2116 3689 2218 3740 quae
2237 3675 2403 3722 iterum
2422 3687 2502 3734 ap-
