2508 4120
2111 144 2224 205 411

668 171 790 207 CAP.
840 169 921 210 lv.
970 171 1038 208 lm
1081 166 1446 208 MATRIMOMIS
1490 166 1694 206 mx'rls.

197 311 339 371 342.
387 311 474 371 Ad
511 311 597 369 21ια
618 356 633 386 ,
677 311 829 392 Neq.
871 311 1100 371 Etenim
1136 331 1244 371 nec
1281 321 1419 370 ante
1448 331 1557 370 nec
1588 319 1789 392 postea
1830 328 1937 368 usu
1973 317 2033 368 et
2075 328 2227 368 con-

117 406 423 467 suetudine
444 416 744 488 receptum
767 427 1029 487 unquam
1063 406 1174 465 fuit
1198 406 1262 464 in
1300 406 1626 466 Germaniae
1655 404 1968 486 provinciis
1989 447 2006 478 ,
2041 403 2230 463 multo

118 502 312 560 minus
331 501 458 580 lege
481 512 716 560 cautum
735 544 752 570 ,
784 511 851 558 ut
873 502 1318 561 inadmissibile
1342 499 1657 560 haberetur
1679 510 1935 579 pactum
1952 521 1984 558 a
2003 499 2230 581 sponsis

117 597 329 655 initum
352 607 489 655 ante
511 595 757 675 conjugii
781 594 1251 654 celebrationem.
1280 597 1404 654 Imo
1437 617 1607 670 vem,
1642 606 1708 653 ut
1749 617 1858 653 nos
1885 593 2062 674 paulo
2090 605 2229 654 ante

117 689 475 750 ostendimus
491 734 508 763 ,
532 699 700 771 pacta
722 695 1206 768 ante-nuptialia
1230 712 1351 748 non
1381 690 1552 750 modo
1570 712 1676 749 usu
1701 701 1761 749 et
1786 688 2228 767 consuetudine,

114 784 216 843 sed
246 785 421 842 etiam
445 782 642 863 legum
664 785 1005 843 auctoritate
1033 785 1200 844 firma
1227 797 1397 844 erant
1430 796 1489 844 et
1516 796 1662 844 rata.
1693 786 1844 844 Sane
1866 785 1928 843 in
1952 784 2190 846 Bavaria
2207 829 2230 860 ‚

114 877 215 937 ubi
266 899 386 960 prae
423 877 659 959 reliquis
707 881 1034 938 Germaniae
1077 880 1392 961 provinciis
1442 878 1724 938 Catholici
1768 877 2237 939 protestantibus-

113 973 388 1052 permixti
422 984 592 1047 sunt,
622 977 790 1052 juxta
823 973 1078 1032 edictum
1114 973 1195 1032 24
1237 973 1431 1033 Martii
1465 973 1620 1032 1829
1674 985 1734 1033 et
1775 973 2035 1033 anterius
2069 971 2236 1033 aliud*

115 1067 369 1127 edictum
438 1070 910 1127 constitutionale
957 1090 1054 1127 an.
1114 1068 1284 1128 1818
1306 1113 1322 1143 7
1387 1068 1422 1148 g
1492 1067 1566 1127 14
1611 1112 1629 1144 ,
1683 1067 2017 1128 decernitur
2078 1091 2093 1127 ε
2160 1069 2235 1127 Si

113 1165 309 1222 valido
334 1174 507 1243 pacto
540 1165 854 1243 conjuqali
882 1168 1155 1243 συνῄει-(163
1192 1168 1353 1222 inter
1381 1152 1499 1223 sese
1530 1153 1884 1235 statuerint,
1921 1186 2045 1244 qua
2081 1166 2228 1224 reli-

106 1264 277 1338 qz'one
295 1262 421 1338 filii
440 1260 693 1320 debeant
712 1263 958 1319 institui
973 1304 989 1333 .‚
1013 1261 1085 1318 id
1101 1282 1279 1319 suam
1303 1261 1522 1319 habeat
1543 1262 1871 1339 efficaciam
1886 1261 1994 1343 (l).
2014 1260 2236 1322 Eadem

113 1353 207 1414 lex
240 1353 468 1432 jamdiu
515 1355 880 1437 promulgata
923 1354 1111 1414 fuerat
1159 1355 1222 1413 in
1277 1355 1606 1415 Electoratu
1660 1355 1960 1432 Palatin0.‚
2011 1376 2239 1440 nempe-

113 1469 208 1506 an.
251 1449 407 1507 1709
446 1449 557 1527 (2).
609 1448 825 1508 Eadem
879 1450 1060 1529 viguit
1107 1450 1169 1508 in
1214 1471 1428 1529 magno
1466 1449 1680 1510 ducatu
1727 1452 2229 1514 Assiae-Darmsta-

112 1542 300 1600 diensi
318 1586 334 1615 ‚
360 1542 463 1601 ubi
478 1553 756 1624 praeterea
779 1553 1013 1601 cautum
1037 1554 1149 1618 est,
1173 1555 1239 1602 ut
1263 1544 1549 1625 parochus
1566 1544 1881 1604 catholicus
1902 1548 1998 1624 jus
2016 1545 2234 1607 habeat

110 1634 359 1714 negandi
409 1634 861 1709 celebrationem
914 1638 1208 1717 conjugii,
1256 1638 1320 1695 in
1357 1659 1474 1718 quo
1521 1639 1816 1698 cautiones
1855 1638 1930 1698 ab
1979 1639 2229 1701 Ecclesia

110 1730 455 1811 praescriptae
498 1753 617 1789 non
651 1741 1024 1791 servarentur
1063 1731 1275 1813 (3).1n
1313 1732 1627 1813 provinciis
1666 1733 1965 1793 Rhenanis
2000 1735 2228 1795 nullam

111 1845 357 1905 usquam
379 1824 835 1905 prohibitionem
858 1827 1129 1905 viguisse,
1157 1827 1470 1907 quominus
1492 1838 1660 1908 pacta
1681 1832 2168 1909 ante-nuptialia
2192 1853 2232 1890 a.

109 1919 333 1998 sponsis
366 1920 574 1979 fierent
614 1931 750 1979 ante
784 1919 1235 1980 celebrationem
1269 1923 1518 2001 conjugii
1541 1968 1556 1996 7
1583 1922 1740 1982 ultro
1771 1924 1988 1984 fatetur
2011 1925 2226 1988 adver-

110 2017 315 2088 sarius,
355 2037 530 2097 quem
563 2010 973 2097 impugnamus
1002 2019 1115 2097 (4).
1146 2006 1356 2098 Igitur,
1390 2039 1526 2078 cum
1550 2019 1761 2079 falsum
1789 2021 1889 2096 sit,
1917 2021 2075 2103 quod
2099 2023 2232 2106 ipse·

109 2111 386 2184 assumit,
429 2109 539 2169 hoc
565 2111 693 2192 ipso
726 2122 846 2171 tota
873 2113 1092 2171 corruit
1132 2112 1461 2172 difficultas,

171 2314 241 2377 (1)
279 2313 416 2379 Apud
446 2313 689 2380 Dollinger
711 2351 727 2373 ,
754 2315 877 2365 ibid.
903 2333 1006 2382 pag.
1045 2313 1122 2366 16.

1204 2317 1404 2381 clesiam)
1424 2353 1441 2378 ‚
1473 2319 1822 2368 tractationibus
1844 2338 1897 2369 ea
1927 2339 2066 2387 super
2082 2340 2130 2372 re
2145 2323 2233 2373 ul-

175 2396 240 2459 (2)
268 2394 776 2462 Cfr.0pusinscriptum
796 2398 913 2446 :Die
934 2399 1126 2463 reliqib'-

104 2495 153 2526 se
168 2475 218 2527 E
221 2477 456 2542 rziehunq
472 2478 558 2527 der
570 2478 768 2526 Kinder
779 2496 869 2526 aus
883 2480 1123 2544 qemisch-

105 2569 185 2607 ten
207 2559 255 2605 E
257 2559 369 2619 hen,
410 2561 515 2607 eine
539 2559 909 2625 qeschichtle'cht.
934 2572 1025 2613 etc.
1043 2580 1124 2610 seu

107 2639 354 2704 Reliqiosa
377 2640 600 2689 educatio
620 2639 777 2707 prolis
806 2643 860 2690 in
883 2645 1124 2708 conjuqiis

103 2723 287 2772 mixtis.
324 2723 583 2791 Empositio
617 2725 1119 2792 historico-juridica,

102 2805 245 2871 Spirae
282 2803 406 2872 1837
431 2842 448 2868 ,
479 2825 582 2872 pag.
611 2806 679 2874 98
700 2846 713 2869 ,
750 2808 832 2857 ubi
873 2820 1086 2860 narratur
1106 2846 1120 2870 ,

25 2893 35 2906 ‘
103 2888 248 2952 quod,
265 2905 372 2936 cum
392 2888 573 2938 Elector
587 2889 968 2941 PalatinusJoan.
991 2891 1124 2941 Guil-

102 2967 270 3016 lelmus
287 2971 412 3034 prius
426 2972 760 3033 constituisset,
781 2973 956 3037 prolem
975 2984 1121 3022 ortam

102 3067 155 3097 ex
185 3050 430 3098 connubiis
459 3049 615 3100 mixtis
646 3055 822 3101 institui
860 3055 1029 3105 debere
1072 3058 1123 3104 in

103 3130 320 3194 religione
337 3133 473 3195 patris
490 3169 503 3193 ‚
521 3135 754 3198 regiminis
781 3134 1010 3185 Borussici
1037 3141 1123 3186 mi-

103 3212 176 3258 nis
213 3221 448 3276 permotus
473 3250 487 3273 ‚
525 3214 693 3263 deinde
740 3217 876 3264 etiam
913 3218 1123 3268 violentis

109 3291 387 3357 quibusdam
424 3295 630 3356 artibus,
678 3314 817 3362 quam
850 3299 974 3348 idem
1008 3303 1123 3366 regi-

110 3394 217 3423 men
252 3378 301 3424 in
330 3378 547 3427 vindictae
579 3384 779 3445 speciem
808 3387 1009 3432 exercuit
1034 3385 1120 3433 ad-

110 3476 262 3505 versus
290 3460 548 3508 Catholicos
574 3479 678 3509 suos
711 3463 919 3514 subditos
939 3469 1020 3527 (ex
1050 3466 1121 3514 his

111 3549 229 3604 patet
265 3558 403 3606 quam
419 3576 435 3601 ‚
463 3544 664 3610 antiquae
690 3547 780 3593 sint
811 3545 1118 3596 machinatio-

110 3640 188 3670 nes
236 3626 470 3688 regiminis
516 3625 742 3676 Borussici
776 3628 992 3679 adversus
1040 3630 1128 3681 Ec-

1202 2409 1273 2447 tro
1304 2401 1515 2464 citroque
1534 2399 1705 2448 habitis
1720 2439 1736 2463 ,
1757 2401 1949 2450 demum
1971 2404 2117 2469 legem
2145 2415 2223 2455 tu-

1201 2480 1258 2527 lit
1292 2498 1371 2528 an.
1412 2495 1571 2549 1709,
1612 2500 1702 2548 qua
1730 2485 1911 2544 sanxit,
1942 2483 1968 2550 ἓ
1996 2485 2026 2534 3
2046 2523 2060 2547 ,
2092 2497 2143 2535 ut
2171 2489 2224 2536 in

1202 2564 1430 2627 conjugiis
1459 2565 1612 2612 mixtis
1643 2566 1872 2629 integrum
1910 2577 2026 2615 esset
2059 2585 2224 2633 paren-

1201 2645 1325 2693 tibus
1346 2647 1542 2695 educare
1570 2647 1775 2696 sobolem
1801 2686 1815 2709 ‚
1850 2659 1989 2714 prout
2012 2650 2223 2700 ferebant

1199 2725 1400 2792 legitima
1424 2738 1554 2792 pacta
1579 2729 1831 2795 nuptialia,
1866 2749 1948 2780 seu
1978 2734 2114 2781 etiam
2132 2750 2222 2783 au·

1201 2810 1410 2859 theutica}
1459 2828 1620 2860 eorum
1677 2816 2005 2863 conventiones
2066 2823 2221 2865 stante

1202 2892 1541 2943 Matrimonia.
1577 2894 1648 2942 Ex
1682 2913 1776 2961 quo
1818 2897 1938 2944 facto
1982 2907 2161 2947 constat
2202 2935 2218 2958 ,

1200 2987 1428 3042 quantum
1452 2980 1685 3026 recesserit
1700 2981 1907 3044 regimen
1925 2980 2220 3030 Borussicum

1201 3074 1224 3104 a
1256 3060 1458 3123 pristinis
1483 3062 1579 3107 suis
1606 3062 1842 3110 institutis.

1269 3139 1336 3202 (3)
1370 3140 1502 3206 Apud
1528 3141 1783 3206 Dollinger‚
1815 3143 1904 3192 loc.
1918 3145 1994 3191 cit.
2013 3159 2213 3211 pag-17.

1271 3220 1340 3285 (h)
1374 3221 1465 3271 Sed
1488 3233 1703 3287 praeterea
1718 3226 1869 3288 praxis
1889 3234 2024 3272 antea
2054 3227 2224 3288 vigen-⁴

1203 3305 1257 3352 tis
1284 3307 1335 3353 in
1364 3305 1612 3371 provinciis
1632 3306 1862 3356 Rhenanis
1883 3317 2044 3356 testem
2071 3307 2225 3358 habe--

1203 3403 1306 3435 mus
1352 3388 1763 3453 locupletissimum
1802 3391 1952 3454 ipsum
1989 3389 2051 3438 D.
2091 3390 2219 3438 Hiis-

1201 3486 1288 3533 gen
1311 3506 1324 3529 ‚
1359 3471 1440 3536 qui
1470 3471 1520 3516 in
1559 3474 1694 3534 epist.
1736 3470 1841 3519 data
1869 3471 1927 3519 ad
1959 3470 2220 3520 Parochum

1201 3550 1258 3600 Β.
1292 3552 1351 3599 de
1384 3550 1461 3614 F.‚
1493 3554 1771 3600 canonicum
1821 3561 1866 3601 et
1903 3552 2223 3601 consiliarium

1215 3633 1574 3682 ecclesiasticum
1597 3670 1610 3692 ‚
1658 3632 1731 3682 die
1779 3633 1842 3682 30
1889 3632 2013 3698 Sept.
2056 3629 2221 3680 1828*
