2508 4120
286 88 407 149 368

904 110 1228 150 TRACTATUS

1274 113 1344 149 DE
1389 112 1683 151 MATRmon
1688 115 1762 152 10.

286 279 463 339 porro
494 252 704 334 agendi
734 254 883 311 ratio
920 254 1105 332 magis
1137 253 1328 313 elucet
1351 254 1414 312 in
1439 254 1552 314 illis
1576 255 1873 335 guberniis
1898 303 1912 330 ,
1961 263 2128 336 juxta
2168 283 2418 344 quorum

275 354 563 433 politicen
589 359 775 407 status
796 361 857 408 et
873 348 1076 429 religio
1103 350 1552 410 identificantur
1573 397 1588 426 ‚
1617 374 1718 412 seu
1734 374 1805 413 ex
1826 352 2078 435 politicis
2099 357 2417 417 rationibus

286 470 354 509 eo
378 445 643 505 tenditur
662 490 677 518 a
706 456 774 503 ut
794 467 948 504 unus
982 445 1259 527 idemque
1286 447 1363 505 sit
1386 448 1712 529 Imperator
1734 459 1793 508 et
1819 450 2085 509 Pontifex
2112 451 2417 513 Maximus·

365 540 509 601 279.
562 540 650 600 Ad
694 540 816 615 4¹¹²,
855 543 1015 601 Dist.
1059 543 1304 618 Omnia,
1346 563 1515 624 neq.,·
1552 542 1780 626 aliqua,
1823 547 2001 605 subd.
2045 549 2187 620 Quae
2226 558 2422 608 tamen

285 637 360 697 ob
387 636 603 697 motivi
639 636 1017 697 identitatem
1049 659 1216 720 aeque
1244 650 1511 719 pugnent
1546 651 1750 700 contra
1791 641 2084 702 connubia
2127 664 2261 701 cum
2286 643 2422 703 infi-

283 732 515 795 delibus
550 744 611 793 et
637 754 772 792 cum
800 732 1088 793 haereticis
1120 734 1243 792 sive
1279 733 1609 793 acatholicis
1635 736 1895 797 ineunda
1917 784 1933 811 ,
1973 759 2177 809 conc.,·
2215 761 2380 798 secus
2403 784 2420 814 ,

283 853 415 912 neq.
445 831 525 890 Ac
564 830 628 888 in
655 829 861 912 primis
884 877 900 904 7
940 851 1074 912 quae
1110 827 1417 888 attulimus
1457 853 1527 890 ex
1566 832 1869 914 Apost010,
1897 833 2116 895 directe
2163 835 2426 894 afficiunt

284 927 590 988 haereticos
615 972 632 1003 .,
674 937 742 985 ut
779 937 988 1009 patet3
1028 947 1163 1009 quae
1206 946 1347 986 vero
1379 947 1452 986 ex
1486 927 1612 989 Vet.
1659 929 1818 990 Test.
1860 928 2034 990 allata
2071 941 2246 1004 sunt,
2292 929 2426 991 licet

284 1046 559 1108 expresse
582 1046 705 1083 non
724 1023 1047 1106 loquantur
1079 1023 1193 1081 nisi
1225 1020 1299 1081 de
1322 1021 1459 1082 solis
1488 1023 1825 1084 infidelibus
1842 1070 1860 1102 ‚
1887 1047 2022 1085 cum
2046 1036 2248 1085 tamen
2278 1027 2426 1085 ratio

285 1122 702 1205 perversioni5‚
729 1143 864 1203 quae
888 1122 953 1180 in
975 1120 1045 1180 iis
1077 1120 1408 1200 assignatur
1426 1130 1491 1179 ut
1508 1141 1679 1180 causa
1703 1121 1854 1182 datae
1878 1123 2194 1183 sanctionis
2210 1169 2226 1199 ,
2259 1143 2425 1205 aeque

283 1286 480 1343 possunt
507 1292 523 1340 3
558 1292 657 1325 non
686 1274 841 1324 solum
869 1275 1048 1340 templa
1069 1312 1082 1334 ‚
1114 1274 1237 1322 fictis
1262 1272 1322 1321 de

283 1362 436 1409 causis
463 1397 478 1420 ,
525 1361 640 1424 erigi
666 1360 779 1424 ipsis
807 1375 907 1406 non
951 1359 1288 1423 permittuntur
1305 1392 1319 1417 ,

287 1442 367 1492 sed
382 1460 432 1491 ea
454 1479 469 1502 ‚
487 1442 660 1509 quibus
692 1451 826 1490 autea
858 1440 1133 1500 utebantur,
1155 1439 1320 1488 iisdem

285 1526 330 1572 vi
345 1527 630 1589 eripiuntur,
650 1533 703 1571 ut
731 1524 1038 1571 schismaticis
1058 1522 1320 1570 Protestan-

286 1605 412 1655 tibus
455 1606 721 1656 tradantur.
770 1605 827 1653 In
873 1605 1079 1670 Imperio
1119 1604 1320 1669 Bussico

285 1706 370 1738 an.
396 1686 524 1738 1833
540 1690 804 1737 executioni
827 1688 1104 1736 mandatum
1122 1698 1189 1736 est
1221 1688 1321 1736 edi-

286 1781 413 1819 ctum
431 1769 613 1834 (Ukase)
627 1770 788 1818 datum
801 1769 1083 1818 aCatharina
1100 1788 1179 1818 an.
1190 1786 1207 1818 1
1218 1767 1317 1834 773

288 1869 384 1920 quo
415 1848 616 1920 jusserat
642 1852 763 1900 solas
796 1852 899 1901 illas
930 1852 1118 1900 villulas
1141 1869 1223 1900 seu
1240 1870 1321 1917 pa-

287 1953 367 2002 gos
390 1970 407 1997 ,
448 1937 531 2003 qui
563 1932 661 1999 400
689 1934 934 1984 individua
980 1945 1284 1983 numerarent
1302 1971 1316 1994 ,

287 2036 421 2085 posse
447 2019 679 2084 templum
722 2018 895 2067 habere
927 2036 1037 2067 cum
1065 2020 1206 2067 unico
1232 2017 1314 2066 Sa·

287 2102 474 2151 cerdote
498 2119 513 2165 ;
542 2118 654 2149 cum
682 2118 791 2149 vero
828 2101 999 2149 villulas
1027 2119 1109 2149 seu
1143 2103 1247 2167 pagi
1269 2103 1319 2149 in

287 2182 482 2232 Russica
507 2193 555 2232 et
570 2182 791 2232 Polonica
810 2183 1011 2247 ditione,
1056 2186 1138 2249 qui
1179 2184 1317 2232 talem

285 2269 550 2317 incolarum
576 2284 829 2315 numerum
848 2277 1115 2316 recenseant
1138 2303 1152 2327 ‚
1182 2269 1320 2315 raris-

289 2353 399 2399 simi
436 2352 561 2409 sint‚
589 2349 766 2398 factum
794 2359 865 2399 est
894 2360 947 2398 ut
977 2350 1068 2398 hoc
1096 2359 1319 2414 praetextu

285 2437 386 2501 jam
408 2452 435 2483 a
463 2432 716 2482 Cathariua
736 2433 1023 2499 eriperentur
1049 2431 1318 2491 Catholicis,

291 2535 372 2568 an.
406 2517 557 2585 1773,
578 2516 753 2583 templa
781 2532 909 2565 1200
932 2535 1044 2578 ‚an.
1062 2535 1170 2567 vero
1193 2513 1320 2565 1833

292 2618 435 2666 supra
466 2596 568 2648 800
587 2600 678 2649 alia
705 2599 863 2649 denuo
880 2598 1136 2649 Catholicis
1169 2611 1322 2667 erepta

293 2683 685 2733 sint.InBorussia
700 2687 750 2732 in
766 2683 861 2732 sola
874 2686 1109 2749 provincia
1124 2684 1319 2746 Silesiae,

294 2769 381 2817 sub
409 2767 539 2816 brevi
577 2767 806 2833 regimine
850 2768 1042 2816 actualis
1068 2767 1282 2833 Episcopi
1307 2806 1320 2828 ,

294 2851 562 2900 debuerunt
588 2849 819 2898 Catholici
865 2850 1031 2898 cedere
1062 2849 1324 2897 protestan-

294 2934 420 2983 tibus
450 2933 543 2982 130
567 2933 759 2998 templa.
783 2932 931 2983 Anno
962 2933 1119 2999 elapso
1141 2932 1323 2981 Vratis-

290 3019 424 3067 laviae
438 3016 800 3065 Protestantibus
818 3016 981 3064 debuit
1005 3017 1119 3064 tradi
1145 3021 1326 3081 magni-

294 3101 440 3149 ficum
470 3099 700 3165 templum
728 3116 754 3147 a
785 3095 842 3148 S.
877 3098 1032 3146 Cruce
1076 3118 1324 3165 nuncupa·

296 3195 397 3231 tum
420 3220 434 3243 ‚
466 3193 670 3232 erectum
701 3200 726 3230 a
751 3180 799 3229 S.
832 3181 1018 3247 Edwige
1041 3182 1221 3230 ducissa
1248 3182 1324 3230 Si-

298 3268 419 3314 lesiae
446 3283 501 3315 ac
530 3263 740 3313 Potoniae
773 3267 966 3329 regina5
999 3267 1049 3311 in
1076 3266 1154 3311 illa
1192 3283 1324 3331 porro

300 3350 496 3396 civitatis
529 3360 655 3412 parte
675 3386 688 3406 ‚
727 3351 764 3396 si
802 3350 1001 3413 excipias
1025 3350 1215 3395 unicum
1233 3347 1329 3396 Lu-

302 3431 570 3487 dzeranum,
598 3433 678 3496 qui
707 3432 856 3478 lanius
871 3440 937 3478 est
957 3466 971 3490 ‚
993 3430 1076 3478 soli
1096 3430 1327 3479 Catholici

301 3516 492 3578 degunt.
534 3511 753 3562 Varsovia
798 3513 952 3562 adhuc
979 3514 1106 3578 luget
1149 3517 1327 3577 magni·-

300 3594 446 3643 ficum
482 3594 707 3661 templum
752 3594 804 3643 S.
852 3595 1047 3657 Gracia,
1083 3596 1209 3661 quod
1245 3613 1324 3644 an.

311 3674 437 3727 1833
462 3694 740 3728 conversum
784 3690 853 3729 est
887 3682 937 3729 in
977 3680 1124 3730 aedem
1155 3691 1329 3730 metro—

1405 1272 1662 1338 politanam
1683 1274 1944 1339 Russicam,
1972 1277 2055 1326 ubi
2072 1294 2221 1326 novus
2247 1279 2428 1343 episeo-

1404 1367 1537 1421 patus
1561 1357 1878 1408 schismaticus
1905 1370 2081 1409 erectus
2108 1370 2175 1409 est
2200 1374 2262 1408 22
2281 1358 2429 1426 April.

1410 1436 1559 1507 1837.
1589 1439 1752 1489 Wilna
1787 1444 1955 1507 pariter
1985 1443 2106 1508 luget
2127 1445 2427 1492 amissionem

1402 1521 1564 1586 templi
1582 1521 1633 1570 S.
1654 1521 1895 1585 Casimiri,
1924 1543 2026 1590 quae
2053 1525 2163 1573 urbs
2189 1528 2323 1574 unita
2341 1525 2430 1573 fuit

1402 1603 1535 1652 alteri
1551 1608 1722 1670 pariter
1735 1609 2019 1673 episcopatui
2038 1608 2332 1656 schismatico
2347 1611 2428 1675 qui

1401 1697 1581 1735 creatus
1611 1699 1678 1736 est
1712 1688 1884 1738 Polocii
1910 1689 1975 1754 24
2000 1690 2119 1740 Juu.
2170 1688 2332 1751 1833;
2364 1700 2431 1740 at.

1400 1773 1563 1818 tamen
1587 1769 1817 1819 Varsoviae
1852 1789 1907 1820 ac
1952 1772 2163 1830 Wilnae,
2201 1775 2239 1821 si
2275 1773 2430 1837 copias

1403 1852 1624 1900 militares
1644 1856 1846 1918 excipias
1865 1872 2004 1903 nemo
2035 1866 2102 1904 est
2123 1858 2204 1922 qui
2230 1855 2432 1904 schisma

1403 1935 1690 1999 profiteatur.
1707 1935 1888 1986 Verum
1909 1939 2007 1988 dies
2037 1957 2112 1988 me
2135 1940 2374 2001 deficeret,
2392 1940 2431 1988 si

1403 2022 1562 2067 omnia
1601 2037 1838 2070 recensere
1878 2022 2075 2083 vellem,
2125 2038 2230 2089 quae
2270 2031 2431 2071 contra

1402 2103 1676 2169 religionem
1699 2104 1980 2155 catholicam
1999 2109 2048 2154 iu
2080 2105 2287 2172 Imperio
2312 2106 2432 2154 Rus-

1401 2187 1495 2233 sico
1531 2194 1577 2234 et
1614 2188 1666 2233 in
1702 2186 1863 2251 Regno
1902 2187 2145 2236 Borussico
2189 2192 2430 2236 communi

1402 2269 1747 2333 conspiratione
1775 2280 1995 2335 aguntur.
2024 2269 2259 2329 Attamen,
2293 2274 2330 2318 si
2355 2287 2430 2320 eos

1404 2351 1563 2398 audias
1587 2386 1602 2409 ‚
1638 2351 1886 2400 acatholici
1919 2351 2167 2401 tolerantes
2186 2363 2325 2416 sunt,
2357 2355 2432 2402 in-

1405 2433 1657 2484 tolerantes
1684 2454 1793 2484 vero
1809 2435 2037 2485 Catholici
2057 2437 2067 2485 l
2090 2436 2191 2486 Cfr.
2219 2454 2295 2502 op.
2320 2435 2433 2487 Ger-

1407 2520 1590 2567 manice
1635 2521 1912 2584 inscriptum
1956 2535 1971 2567 :
2019 2518 2332 2569 Collectiones
2363 2519 2428 2567 ad

1406 2601 1658 2651 historiam
1684 2601 2057 2651 ecclesiasticam
2082 2601 2252 2651 soeculi
2277 2621 2351 2652 xix
2371 2604 2429 2651 in

1413 2684 1684 2734 Germania
1703 2723 1716 2744 ‚
1749 2686 1853 2734 sive
1876 2685 1934 2733 de
1966 2687 2228 2734 novissimo
2263 2702 2425 2734 rerum

1406 2766 1837 2816 ecclesiasticarum
1874 2776 2004 2815 stata
2051 2769 2108 2815 in
2148 2767 2314 2815 eadem
2353 2784 2429 2815 re-

1405 2852 1549 2915 qione
1564 2885 1581 2911 ,
1607 2852 1831 2917 Augustae
1851 2850 2039 2899 Vindel.
2076 2848 2225 2911 1835,
2242 2850 2428 2915 gallice:

1409 2932 1474 2981 Le
1494 2932 1612 2980 livre
1628 2950 1791 2997 maye,
1809 2932 2001 2980 tableau
2017 2933 2432 2999 despersecutiom

1408 3020 1617 3063 exerc-ees
1671 3022 1832 3063 contre
1910 3015 1975 3063 les
2028 3015 2334 3082 Catholiques
2379 3016 2436 3065 de

1410 3102 1611 3160 Prusae,
1637 3101 1871 3149 Bruxelles
1901 3098 2048 3150 1838.
2080 3102 2294 3150 Attamen
2312 3121 2434 3151 non-

1409 3186 1523 3231 dum
1548 3195 1757 3248 eruperat
1786 3195 2002 3249 apertum
2020 3183 2198 3232 bellum
2214 3185 2434 3233 adversus

1411 3267 1696 3316 catholicos.
1720 3265 1858 3315 Haud
1872 3270 2054 3331 ignoro,
2074 3266 2324 3315 nonnullas
2354 3284 2435 3315 ex-

1413 3354 1645 3415 ceptiones
1711 3350 1928 3398 adversus
1978 3349 2068 3396 hoc
2127 3367 2243 3412 opus
2298 3350 2437 3397 factas

1415 3434 1555 3481 fuisse
1579 3448 1592 3492 ;
1619 3434 1695 3481 sed
1731 3442 1774 3479 et
1811 3432 1927 3479 illud
1958 3435 2071 3490 scio,
2110 3450 2204 3479 non
2241 3434 2435 3496 potuisse

1414 3515 1721 3563 protestantes
1764 3517 1813 3561 in
1844 3514 2076 3580 plerisque
2122 3530 2228 3580 quae
2260 3511 2432 3560 ibidem

1412 3601 1676 3649 reseruntur
1696 3636 1709 3659 ‚
1741 3609 1977 3647 auctorem
2006 3599 2215 3647 falsitatis
2250 3612 2431 3660 aguere.
