2508 4120
294 95 412 156 382
926 116 1251 156 raAc‘rnus
1296 119 1363 158 ΒΕ
1409 119 1782 161 mummomo.

376 260 515 320 304.
566 257 654 316 Ad
693 257 807 333 4¹¹²,
848 257 1000 340 Neq.
1036 261 1114 319 Ut
1140 274 1374 321 constat
1398 284 1469 322 ex
1497 263 1723 324 duabus
1758 267 2269 334 constitutionibus
2299 277 2415 336 Be-

294 353 507 415 nedicti
542 353 671 411 XIV
694 397 709 427 ,
748 374 999 434 quarum
1039 355 1221 416 altera
1265 358 1470 439 incipit
1509 381 1523 416 ε
1562 360 1802 439 Maqnoe
1842 360 2036 421 Nobis
2075 363 2202 444 (1),
2233 369 2417 430 altera

294 470 431 509 vero
476 451 640 526 cujus
681 449 917 511 initium
962 474 977 508 t
1028 453 1137 511 Ad
1173 464 1313 511 tuas
1354 475 1579 513 manus
1620 454 1730 536 (2).
1778 457 1962 516 Priori
2004 460 2420 526 constitutione

286 547 566 604 Summus
591 544 860 606 Pontifex
893 569 1194 607 rumorem
1222 549 1540 631 quemdam
1565 572 1671 633 per
1695 551 2002 613 poloniam
2030 568 2417 635 grassantem,

283 641 449 725 quod
472 640 650 702 Sedes
676 642 1005 723 Apostolica
1029 645 1292 725 conjugia
1318 646 1501 706 mixta
1528 646 1837 707 indulserit
1861 648 2141 709 celebrari
2165 697 2182 727 7
2214 653 2423 714 acriter

290 737 601 820 impugnat
620 784 636 813 .,
663 760 729 798 ac
756 742 1010 798 nonnisi
1017 762 1134 821 per
1157 744 1464 819 injuriam
1497 754 1555 802 et
1585 745 2017 804 intolerabilem
2039 749 2423 809 calumniam

289 837 685 914 eoecoyitatum
724 846 902 915 atque
940 837 1407 897 disseminatum
1447 839 1620 899 fuisse
1660 839 1946 915 affirmat3
1993 841 2284 925 simulque
2326 867 2424 904 os-

290 928 484 990 tendit
520 931 827 1014 antiquam
861 931 1204 1013 Apostolicae
1240 932 1402 993 Sedis
1441 933 1810 1016 disciplinam
1855 958 1922 996 ac
1957 936 2220 1017 regulam
2242 984 2259 1013 .,
2307 962 2421 1022 qua

287 1025 429 1086 talia
459 1027 725 1107 conjugia
754 1048 989 1110 semper
1025 1027 1479 1110 reprobaverat,
1516 1029 1590 1088 ad
1622 1052 1723 1089 sua
1763 1053 1946 1114 usque
1976 1043 2243 1116 tempora
2278 1056 2423 1095 con—

291 1132 519 1182 stanter
547 1134 842 1184 servatam
862 1168 877 1199 ·,
913 1135 1057 1183 tunc
1096 1146 1329 1207 quoque
1362 1129 1654 1206 integram
1681 1128 1875 1207 vigere
1913 1150 1977 1187 ac
2009 1128 2272 1211 religiose
2299 1153 2426 1192 cus-

289 1216 468 1278 todiri
503 1218 616 1299 (3).
667 1218 866 1281 Altera
917 1232 1117 1280 autem
1154 1221 1572 1282 constitutione
1612 1223 1876 1283 confutat
1912 1223 2192 1286 Pontifex'
2220 1226 2426 1288 falsam

291 1312 456 1375 illam
480 1317 946 1398 persuasionem,
973 1318 1147 1400 quasi.
1162 1339 1235 1378 ex
1262 1318 1708 1394 consuetudine,
1729 1320 1822 1379 cui
1844 1343 2021 1381 nemo
2036 1323 2099 1381 in
2119 1322 2223 1383 illo
2242 1345 2423 1404 regno

284 1434 354 1473 se
385 1413 761 1496 opponebat,
815 1412 1076 1473 Ecclesiae
1135 1434 1452 1474 consensus
1498 1415 1592 1475 vel
1635 1415 1994 1497 dispensatio
2034 1430 2190 1478 recte
2227 1418 2426 1480 dedu-

291 1521 521 1569 ceretur
549 1533 563 1568 :
611 1511 844 1569 Tolerat
878 1511 1151 1589 quidem,
1186 1511 1418 1591 inquit,
1455 1514 1522 1569 in
1563 1513 1871 1590 aliquibus
1912 1516 2054 1573 locis
2088 1516 2425 1595 Apostolica

293 1605 465 1664 Sedes
504 1606 912 1665 ffIatrimonia
951 1610 1112 1665 inter
1154 1607 1530 1666 Catholicum
1561 1618 1617 1667 et
1651 1610 2027 1680 haereticam,
2064 1613 2154 1670 vel
2186 1613 2429 1671 hoereti-

290 1721 426 1759 cum
454 1711 511 1759 et
543 1701 912 1760 Catholicam
930 1746 953 1775 ,
974 1723 1114 1761 cum
1145 1714 1399 1782 nequeat
1421 1704 1747 1784 impedire,
1784 1717 1840 1764 et
1858 1708 2247 1766 ecclesiastica
2272 1729 2431 1787 qua-

293 1797 438 1855 dam
464 1797 830 1876 prudentia,
878 1819 952 1855 ne
997 1802 1241 1877 majora
1290 1801 1459 1858 mala
1503 1811 1903 1872 enascantur,
1956 1803 2306 1862 dissimulat
2356 1825 2431 1863 ac

294 1901 486 1966 tacet3
524 1901 591 1950 at
629 1893 793 1971 quod
830 1893 1181 1972 Apostolicoe
1235 1896 1405 1954 Sedis
1455 1902 1813 1955 auctoritate
1859 1901 2129 1978 qratiosa
2163 1903 2232 1958 in
2276 1900 2432 1959 hisce

295 1991 707 2047 Matrimoniis
730 1989 1100 2069 dispensatio
1129 2012 1318 2071 super
1333 1993 1540 2072 gyradu
1566 2002 1678 2051 aut
1706 1995 1827 2052 alio
1850 1996 2278 2074 impedimento
2299 2016 2429 2055 con-

294 2085 576 2153 cedatur,
594 2085 736 2162 fieri
761 2106 1087 2164 nunquam
1119 2098 1338 2166 potest,
1373 2093 1502 2147 nisi
1513 2090 1812 2167 proecedat
1829 2090 2071 2151 haeresis
2093 2094 2430 2170 abjuratiO,

274 2185 473 2259 juata
512 2180 777 2256 ejusdem
816 2181 986 2238 Sedis
1028 2183 1381 2261 Apostolicoe
1426 2186 1842 2263 disciplinam.
1891 2187 2039 2246 Hinc
2081 2189 2432 2269 Episcopum

295 2275 652 2358 quemdam,
689 2275 790 2357 qui
825 2296 961 2335 cum
1004 2276 1232 2337 duobus
1268 2278 1614 2345 Lutheranis
1652 2279 2094 2362 dispensaverat
2138 2283 2202 2342 in
2246 2282 2428 2363 gradu

365 2471 429 2536 (l)
467 2469 573 2518 Dat.
603 2485 669 2537 29
699 2468 810 2518 Jun.
836 2487 911 2518 an.
947 2467 1073 2537 ¹748
1095 2508 1108 2529 ,
1130 2473 1181 2518 in
1196 2473 1322 2536 ejus·
1410 2479 1576 2521 contra
1602 2471 1880 2538 hujusmodi
1908 2474 2111 2539 praoeim
2133 2475 2319 2539 opinati
2326 2475 2435 2539 fue-

297 2553 404 2603 dem
430 2550 659 2612 Bullario,
688 2562 803 2601 tom.
823 2569 858 2602 11
878 2589 891 2611 ‚
925 2570 1030 2618 pag.
1066 2549 1182 2616 413.
1411 2555 2042 2616 rint‚acriteradmonendos
2056 2555 2433 2607 decrevit.Paulo

368 2634 435 2699 (2)
472 2633 590 2683 Data
610 2649 637 2700 7
659 2633 852 2699 August.
876 2634 1026 2702 ejusd.
1060 2637 1190 2691 anni,
1208 2634 1325 2683 ibid.
1412 2650 1518 2689 ante
1543 2644 1642 2707 jam
1676 2651 1926 2690 asseruerat
1955 2659 1967 2690 :
1998 2641 2163 2706 Neque
2203 2657 2309 2690 vero
2352 2658 2433 2688 ne-

295 2736 405 2784 pag.
443 2716 566 2784 491.
1411 2739 1534 2771 cesse
1580 2722 1810 2769 habemus
1838 2740 1893 2770 ea
1925 2728 2091 2771 omnia
2130 2722 2435 2784 in‘medium

367 2800 433 2866 (3)
470 2802 544 2850 En
572 2801 808 2850 Pontificis
830 2800 1013 2851 verba:
1049 2802 1327 2851 Proedeces-
1405 2804 1620 2871 proferre
1662 2843 1675 2864 ,
1718 2805 1898 2870 quibus
1937 2804 2203 2853 luculenter
2240 2803 2434 2851 demo'n-

297 2902 378 2934 sor
406 2893 567 2934 noster
595 2883 815 2933 Clemens
836 2902 881 2933 xl
897 2921 912 2947 ,
954 2887 1012 2932 in
1056 2883 1327 2951 Conqreya-
1411 2889 2000 2953 straripossetantiquitas
2012 2890 2117 2953 ejus
2133 2885 2432 2952 disciplinae,

299 2973 432 3017 tione
466 2966 522 3016 S.
562 2965 730 3032 Officii
769 2984 930 3015 coram
963 2964 1027 3015 se'
1047 2965 1212 3015 habita
1251 2968 1330 3015 die
1411 2985 1507 3034 qua
1531 2985 1715 3035 semper
1762 2969 2047 3035 Apostolica
2081 2968 2225 3017 Sedes
2258 2968 2436 3016 Catho-

301 3067 382 3100 xv¹
415 3051 547 3099 Jun.
595 3048 722 3098 anni
756 3065 925 3105 mccx,
962 3048 1219 3098 mandavit
1246 3054 1329 3098 in·
1414 3050 1619 3102 licorum
1663 3069 1774 3100 cum
1816 3051 2055 3100 hoereticis
2095 3053 2326 3116 conjuqia
2360 3068 2437 3098 re-

302 3132 463 3183 hiberi
485 3150 576 3199 per
602 3131 786 3181 litteras
825 3131 1201 3199 Archiepiscopo
1226 3130 1330 3182 Me·
1403 3134 1651 3201 probavit.
1686 3133 1783 3182 Sed
1803 3134 1968 3199 aliqua
1994 3134 2246 3183 dumtaxat
2269 3134 2439 3200 afferre

305 3216 567 3265 chliniensi
587 3255 601 3278 ,
634 3234 694 3265 ne
726 3215 852 3265 ullas
876 3215 1072 3266 omnino
1104 3216 1329 3266 licentias
1411 3227 1486 3268 sat
1509 3219 1631 3278 erit,
1652 3219 1828 3284 quibus
1846 3218 2158 3269 ostendamus
2176 3255 2192 3278 ‚
2220 3217 2438 3266 eamdem

303 3308 392 3346 aut
432 3300 814 3365 dispensationes
863 3300 1196 3365 impertiretur
1239 3317 1329 3366 pro
1413 3302 1728 3370 disciplinam
1750 3319 1807 3350 ac
1825 3301 2056 3367 requhm,
2075 3300 2144 3349 ad
2168 3310 2331 3349 nostra
2353 3315 2434 3347 us·-

307 3380 648 3430 Matrimoniis
691 3384 819 3431 inter
857 3380 1212 3430 contrahentem
1252 3400 1330 3431 ca·
1413 3402 1502 3450 que
1556 3393 1768 3450 tempora
1820 3392 2094 3432 constanter
2157 3390 2430 3437 servatam,

300 3461 535 3511 {Italicum
565 3472 608 3512 et
654 3464 856 3513 alterum
899 3463 1176 3513 hoereticum
1211 3464 1329 3512 cele-
1414 3467 1547 3534 apud
1578 3466 1678 3514 Nos
1701 3475 1745 3514 et
1778 3466 2106 3533 Apostolicam
2134 3463 2309 3515 Sedem
2335 3478 2432 3511 non

305 3544 506 3594 orandis
526 3583 539 3606 ,
569 3548 676 3594 nisi
697 3549 941 3614 abjuratio
969 3547 1161 3595 hoeresis
1185 3549 1330 3613 prius
1414 3551 1578 3598 minus
1623 3551 1861 3615 integram
1912 3551 2072 3615 viqere
2128 3557 2174 3597 et
2218 3545 2433 3610 reliqiose

296 3630 654 3693 proecessisset7·
705 3629 967 3696 Theoloqos
998 3640 1158 3680 autem
1177 3665 1192 3691 ,
1244 3632 1332 3694 qui
1412 3632 1664 3682 custodiri.
1703 3631 1885 3682 Deinde
1910 3629 2097 3697 subjicit
2136 3632 2436 3686 documenta.
