2508 4120
2081 179 2190 240 191

516 209 637 244 CAP.
686 208 742 247 V·
790 208 859 244 DE
902 208 1187 246 CAELIBATU
1230 207 1569 244 ECCLESIAST.
1621 206 1739 242 E'rc.

90 360 254 423 sunt,
296 347 357 406 id
393 370 424 407 a
463 349 643 407 causis
681 349 920 407 omnino
960 347 1292 407 extrinsecis
1326 347 1583 429 pendet7
1628 356 1693 403 ut
1731 366 1867 404 mox
1905 343 2193 422 dicemus,

89 466 218 527 quae
266 465 601 503 communes
643 455 781 503 sunt
819 443 1147 523 regionibus
1190 443 1619 502 Catholicorum
1660 462 1820 522 aeque
1860 461 1925 499 ac
1965 443 2197 501 Protes-

89 551 361 598 tantlum.

168 634 307 691 231.
359 632 446 691 Ad
482 632 565 692 8ιῙι
587 677 603 704 a
640 633 789 712 Ney.
833 632 946 691 Sed
971 631 1060 691 hae
1089 651 1270 689 causae
1294 641 1433 689 sunt
1462 653 1476 688 ε
1515 631 1578 687 10
1608 631 1814 710 ingens
1841 629 2196 690 coloniarum

90 730 151 787 in
167 740 387 788 exteras
407 727 665 806 regiones
683 727 973 798 deductim,
989 727 1056 783 20
1069 725 1464 803 conjugiorum
1481 724 1809 798 difficultas,
1827 746 1953 805 quae
1970 728 2195 802 crescit,

91 835 263 904 prout
310 823 591 880 minuitur
643 822 1054 880 alimentorum
1098 820 1263 876 ratio,
1321 820 1453 878 Jam
1506 839 1642 878 vero
1689 820 2044 899 experientia
2094 821 2200 902 de?

92 929 378 976 monstrat
402 962 416 990 ,
449 916 842 996 doctioresque
878 915 1093 995 politici
1120 913 1470 988 ostendunt,
1517 934 1788 991 agrorum
1820 913 2047 974 cultura
2081 936 2199 997 prae

93 1014 293 1070 ceteris
317 1011 539 1071 artibus
563 1010 836 1090 degendae
863 1011 994 1069 vitae
1015 1010 1297 1067 rationem
1321 1009 1678 1088 comparari,
1706 1028 1737 1065 e
1760 1010 2048 1068 contrario
2074 1011 2199 1072 haec

94 1106 395 1165 commoda
420 1106 559 1164 luxu
586 1110 874 1185 corrumpi
898 1130 913 1176 ς
945 1104 1080 1162 hinc
1106 1102 1329 1162 cultura
1360 1103 1620 1182 neglecta
1639 1147 1655 1175 7
1683 1102 1820 1161 inde
1853 1124 1990 1162 vero
2014 1104 2155 1163 luxu
2181 1149 2199 1181 ‚

94 1203 192 1282 qui
225 1214 508 1260 novorum
544 1201 757 1257 civium
790 1221 1028 1278 germen
1061 1198 1155 1258 vel
1190 1220 1222 1257 a
1259 1197 1449 1256 radice
1475 1197 1789 1274 exscindit,
1833 1198 2204 1259 imminuitur

96 1297 416 1355 necessario
444 1294 645 1375 populi
674 1295 1021 1375 frequentia.
1064 1295 1217 1352 Num
1255 1315 1393 1352 vero
1433 1292 1662 1351 sublato
1692 1293 2068 1352 ecclesiastico
2101 1315 2203 1354 cae-

94 1390 276 1449 libatu
302 1390 601 1467 civitatum
626 1387 786 1446 luxui
812 1389 1042 1447 frenum
1068 1389 1357 1465 injiciatur
1378 1433 1393 1461 a
1434 1399 1535 1445 aut
1557 1388 1915 1467 agriculturae
1945 1389 2204 1449 studium

97 1496 311 1544 crescat
335 1529 351 1559 ,
378 1483 643 1560 judicent
678 1483 1012 1543 adversarii.
1043 1483 1107 1541 30
1147 1486 1427 1542 Praeterea
1469 1500 1635 1541 causa
1677 1483 1995 1542 incolarum
2022 1485 2205 1544 infre-

94 1580 342 1661 quentiae
361 1589 448 1637 est
469 1577 763 1636 caelibatus
785 1578 1116 1650 libertinuS‚
1139 1577 1210 1636 de
1234 1599 1348 1658 quo
1377 1576 1549 1656 paulo
1573 1589 1708 1636 ante
1726 1578 1975 1644 diximus
1999 1604 2015 1652 ς
2038 1579 2104 1638 40
2118 1592 2206 1639 est

94 1675 328 1746 militia3
359 1674 424 1732 50
455 1673 636 1732 acrior
662 1674 1029 1732 scientiarum
1055 1673 1298 1753 cupido3
1327 1673 1391 1730 60
1416 1674 1858 1746 commercium,
1886 1675 2204 1756 navigatio,

93 1769 409 1851 longinqua
437 1770 644 1827 itinera
669 1814 684 1842 ‚
723 1781 873 1827 artes
905 1767 1204 1847 plurimae,
1238 1788 1368 1849 quae
1405 1789 1555 1848 saepe
1597 1768 1855 1826 efficiunt
1877 1814 1892 1843 a
1931 1770 2208 1829 ut-multi

96 1877 195 1922 aut
215 1865 475 1942 conjugio
516 1863 875 1937 valedicant7
917 1875 1017 1921 aut
1053 1863 1260 1920 saltem
1291 1863 1584 1941 jugalibus
1624 1885 1683 1921 se
1718 1864 1961 1924 vinculis
1990 1867 2210 1924 socient

98 1970 263 2018 aetate
312 1960 570 2039 provecti
605 2005 621 2032 7
663 1980 796 2017 cum
847 1958 1060 2016 scilicet
1104 1980 1228 2016 rem
1266 1959 1607 2017 familiarem
1657 1971 1756 2017 aut
1796 1973 2208 2041 compararunt

97 2063 197 2111 aut
218 2053 680 2133 amplificarunt3
708 2054 775 2111 70
798 2064 934 2110 sunt
961 2064 1049 2111 tot
1072 2052 1326 2118 illustres
1347 2053 1614 2127 familiae,
1648 2053 1709 2111 in
1738 2054 1946 2134 quibus
1965 2067 2208 2137 propter

92 2146 454 2206 beneficiaria
472 2154 603 2225 jura
631 2170 693 2206 ac
724 2149 1140 2229 primogenita,
1162 2149 1416 2228 exceptis
1446 2160 1587 2206 natu
1623 2150 1967 2227 majoribus,
2000 2150 2209 2232 reliqui

65 2235 67 2238 Α
95 2242 350 2302 caelibem
377 2245 556 2302 vitam
577 2244 785 2303 ducere
815 2255 880 2302 ut
902 2243 1225 2325 plurimum
1254 2256 1570 2324 coguntur3
1606 2244 1672 2304 80
1694 2256 1782 2304 est
1801 2246 2004 2325 ingens
2028 2247 2210 2306 famu-

99 2459 332 2506 continere
356 2455 421 2519 42
442 2457 703 2506 individua.
733 2459 950 2506 Continet
970 2458 1104 2507 Italia

102 2546 185 2586 21²
212 2556 260 2585 m
282 2549 450 2603 partem
468 2539 721 2587 incolarum
737 2543 871 2587 totius
890 2539 1107 2604 Europae3

98 2631 282 2684 superat
309 2621 568 2669 Borussiam
587 2657 600 2678 ‚
622 2637 724 2686 quae
743 2639 837 2668 non
859 2622 1000 2670 hahet
1019 2625 1108 2670 nisi

108 2701 202 2751 156
229 2703 418 2751 invidua
435 2721 516 2767 pro
532 2703 722 2766 singulis
750 2702 972 2751 milliariis
997 2721 1111 2769 qua·
1141 2736 1143 2741 -

99 2785 253 2834 dratis.
274 2786 490 2851 Belgium
516 2788 684 2850 pariter
713 2789 922 2851 apprime
950 2787 1109 2834 catho-

101 2866 242 2914 licum
278 2877 378 2925 est,
412 2883 466 2915 ac
507 2866 717 2931 pluribus
746 2867 1110 2915 institutionibus

103 2949 320 3013 religiosis
360 2960 401 2998 et
440 2952 548 2998 viris
602 2950 912 2998 ecclesiasticis
957 2950 1110 2998 abun-

106 3030 184 3077 dat:
203 3067 217 3090 ‚
235 3034 436 3080 continet
447 3029 546 3095 453
562 3033 798 3081 individua
817 3051 897 3098 pro
919 3034 1110 3097 singulis

107 3112 333 3162 milliariis
369 3116 619 3180 quadratis.
654 3116 712 3163 Et
746 3116 844 3164 baec
875 3116 1109 3165 sufficiant

109 3193 166 3241 ad
195 3210 244 3240 os
273 3194 604 3245 obstruendum
637 3198 887 3245 incredulis
915 3215 970 3247 ac
1002 3217 1109 3263 pro-

109 3275 412 3335 testantibus,
455 3281 537 3343 qui
577 3282 789 3327 incusant
842 3280 1110 3344 religionem

109 3356 379 3405 catholicam
400 3393 414 3420 ‚
437 3360 562 3423 quod
577 3377 658 3424 per
678 3361 939 3409 caelibatum
968 3362 1111 3410 indu-

109 3448 182 3486 cat
196 3440 568 3489 imminutionem
589 3443 860 3491 incolarum.
893 3442 1110 3492 Ceterum

102 3538 208 3570 cum
224 3523 322 3571 haec
334 3522 579 3572 difficultas
596 3528 804 3590 respiciat
823 3528 1111 3591 potissimum

104 3601 344 3669 Hispanias
362 3643 375 3666 ,
402 3608 482 3671 qui
519 3606 614 3654 haec
640 3607 894 3656 obtrudunt
927 3609 1114 3672 perinde

106 3701 159 3734 ac
203 3689 240 3734 si
276 3688 335 3736 ab
371 3691 507 3737 unica
555 3687 786 3738 caelibatus
829 3689 1114 3740 ecclesiastici

1193 2478 1327 2508 causa
1355 2460 1434 2507 illa
1460 2498 1471 2519 ‚
1502 2480 1602 2526 quae
1634 2463 1730 2510 illic
1761 2467 1964 2512 cernitur
1985 2504 1998 2524 ‚
2037 2469 2210 2517 incola-

1194 2559 1299 2588 rum
1330 2542 1641 2607 infrequentia
1661 2547 1905 2608 repetenda
1938 2557 2085 2606 esset,
2115 2568 2210 2598 non

1193 2623 1438 2671 advertunt
1466 2626 1524 2672 ad
1559 2627 1808 2689 peculiares
1831 2628 2007 2693 phasea
2036 2649 2116 2679 seu
2135 2633 2212 2680 vi-

1194 2721 1269 2752 ces
1296 2706 1418 2754 illius
1443 2710 1639 2772 regionis
1661 2745 1673 2766 ,
1708 2728 1809 2775 quae
1827 2722 1929 2759 octo
1961 2712 2055 2761 fere
2087 2731 2210 2763 secu-

1201 2788 1259 2835 lis
1281 2804 1482 2853 pugnare
1511 2791 1676 2838 debuit
1694 2777 1907 2842 adversus
1924 2792 2177 2846 Saracenos
2194 2836 2207 2858 ‚

1195 2872 1332 2919 utab
1363 2875 1555 2920 istorum
1590 2892 1638 2922 se
1675 2863 1785 2941 jugo
1823 2872 2047 2943 eriperet}
2079 2891 2123 2928 et
2153 2882 2210 2929 ad

1196 2956 1283 3004 alia
1312 2956 1460 3016 bella,
1512 2974 1614 3022 quae
1653 2960 1867 3008 adversus
1899 2961 2056 3011 Gallos
2097 2982 2211 3028 saepe

1195 3040 1412 3085 sustinuit
1432 3056 1446 3101 3
1464 3039 1522 3086 ad
1539 3040 1841 3090 detectionem
1859 3043 2093 3103 Americae,
2119 3063 2210 3111 qua

1196 3122 1369 3169 factum
1407 3132 1475 3170 est
1506 3133 1557 3170 ut
1600 3123 1833 3173 innumeri
1871 3129 1921 3174 in
1955 3145 2122 3175 novam
2149 3128 2208 3175 il-

1195 3204 1287 3251 lam
1315 3204 1437 3251 orbis
1469 3216 1642 3269 partem
1665 3224 1713 3255 se
1733 3208 2045 3256 transtulerint
2067 3246 2080 3268 ‚
2102 3208 2212 3258 alia-

1196 3302 1287 3350 que
1316 3286 1541 3350 ejusmodi
1572 3287 1809 3351 adjuncta.
1849 3287 1934 3334 Vix
1969 3299 2121 3338 autem
2152 3291 2208 3340 ad

1193 3375 1377 3430 tempus
1398 3370 1572 3432 quievit
1591 3367 1651 3415 ab
1679 3386 1801 3415 anno
1826 3366 1946 3416 1811
1972 3371 2030 3419 ad
2062 3370 2205 3433 1830,

1195 3457 1247 3496 nt
1286 3465 1507 3497 numerus
1551 3452 1721 3497 civium
1756 3441 2091 3501 incrementum
2116 3471 2208 3502 coe-

1195 3531 1312 3593 perit
1336 3527 1605 3592 4,ooo‚ooo
1622 3563 1640 3589 ‚
1673 3529 1782 3577 licet
1817 3531 1964 3581 clerus
1996 3535 2209 3584 secularis

1197 3620 1241 3659 et
1279 3611 1495 3676 regularis
1537 3620 1766 3660 constaret
1808 3627 2074 3677 1‚ooo,ooo
2103 3633 2117 3679 3
2156 3626 2208 3664 ut

1198 3703 1322 3757 patet
1349 3710 1406 3742 ex
1430 3691 1625 3741 Diario
1651 3692 1787 3744 Rom.
1820 3697 1882 3745 23
1909 3695 2021 3748 Jan.
2058 3695 2202 3750 1830.
