2508 4120
563 194 686 232 CAP.
735 195 793 235 V·
839 196 908 232 DE
950 194 1237 233 CAELIBATU
1279 190 1617 232 ECCLESIAST.
1665 190 1783 230 ETC.

2122 168 2236 229 185

137 360 259 421 quae
285 338 346 396 in
373 337 701 398 societatem
718 339 1093 421 proveniunt,
1122 349 1372 397 matrem
1396 335 1864 396 fecundissimam
1885 344 1945 394 et
1973 332 2235 394 altricem

133 434 498 492 tutissimam.

216 529 456 586 Constat
470 527 643 607 igitur
665 548 733 584 ex
757 525 945 600 dictis,
973 526 1308 586 clericorum
1331 524 1774 598 continentiam,
1803 544 2235 604 quaquaversus

137 633 426 703 spectetur
447 666 462 696 ,
484 621 702 680 nedum
734 620 1071 680 adversetur
1093 617 1373 676 societatis
1404 618 1560 676 bono
1579 663 1595 692 ,
1620 618 1764 676 illud
1783 618 1974 700 potius
1999 618 2238 678 mirifice

136 738 476 798 promovere
495 762 511 792 ,
539 727 712 798 prout
738 712 1257 775 demonstrandum
1289 713 1723 793 assumpsimus.

933 898 1420 941 DIFFICULTATES.

215 1042 355 1102 223.
401 1041 534 1119 obj.
562 1041 770 1120 prima.
802 1039 865 1095 1⁰
891 1035 1125 1096 Caelibes
1146 1037 1258 1097 viri
1284 1036 1609 1095 innumeris
1636 1057 1817 1118 prope
1844 1037 2063 1098 civibus
2088 1061 2240 1098 rem-

138 1135 429 1219 publicam
477 1131 826 1193 defraudant
865 1132 970 1211 (1).
1024 1132 1091 1188 2⁰
1138 1130 1296 1190 Nulli
1343 1142 1619 1212 praeterea
1668 1143 1914 1212 prosunt
1954 1132 2243 1192 caelibatus

137 1230 413 1289 molestiae
443 1241 500 1287 et
522 1225 919 1301 incommoda3
958 1226 1024 1285 30
1046 1225 1311 1307 pluribus
1345 1247 1483 1285 vero
1511 1226 1783 1307 prodesse
1816 1238 2057 1308 possent
2080 1227 2245 1286 cleri-

138 1346 336 1384 corum
371 1325 632 1401 conjugia
659 1366 675 1396 ,
707 1321 775 1379 40
807 1319 1015 1402 quibus
1048 1322 1317 1380 castiores
1352 1333 1410 1380 et
1451 1322 1712 1402 puriores
1749 1322 1957 1380 fierent
1982 1323 2246 1404 ipsorum

136 1439 325 1480 mores
345 1463 361 1492 ‚
390 1439 590 1476 eorum
613 1415 782 1475 liberi
803 1414 1008 1474 melius
1031 1417 1476 1474 instituerentur
1491 1460 1506 1490 a
1532 1416 1746 1475 iterum
1764 1416 1829 1473 in
1849 1418 2018 1475 terris
2046 1417 2249 1478 vivere

135 1515 475 1576 viderentur
487 1501 788 1570 Zacharias
811 1522 869 1569 et
895 1510 1243 1586 Elisabetha‚
1261 1531 1577 1590 eorumque
1599 1509 1701 1568 filii
1725 1512 2095 1570 Praecursoris
2119 1513 2249 1571 vir*

134 1620 286 1668 tutes
307 1606 719 1666 aemularentur
750 1608 858 1685 (2).
886 1606 952 1665 5⁰
978 1606 1294 1677 InstitutiQ
1325 1627 1454 1686 quae
1483 1606 1527 1663 si
1552 1605 1895 1667 universalis
1923 1607 2087 1665 fieret
2120 1605 2246 1664 des-

135 1714 354 1762 trueret
380 1702 735 1775 societatem,
768 1723 886 1759 non
913 1710 999 1759 est
1021 1700 1326 1781 perfectio2
1353 1701 1456 1759 sed
1478 1700 1819 1759 insanientis
1842 1712 1901 1759 et
1925 1699 2250 1759 aberrantis

135 1799 347 1856 mentis
380 1796 649 1869 effeetus3
681 1795 809 1853 talis
837 1817 1011 1876 porro
1043 1806 1131 1854 est
1161 1795 1534 1855 continentiae
1559 1796 1834 1875 professio
1868 1795 1988 1876 (3);
2023 1797 2088 1854 6⁰
2120 1818 2252 1855 eam

138 1886 381 1975 proinde
417 1892 598 1949 Graeci
637 1902 694 1949 et
730 1891 974 1949 Romani
1010 1890 1158 1948 datis
1193 1879 1412 1970 legibus
1455 1891 1956 1971 proscripserunt,
2005 1890 2246 1948 infamia

138 1997 419 2045 notarunt
443 1985 664 2044 caelibes
685 1987 892 2066 eosque
908 1984 1175 2064 gravibus
1195 1985 1383 2067 poenis
1409 1985 1681 2044 addixere
1705 1985 1816 2064 (4).
1844 1986 1911 2044 7ο
1939 1987 2087 2044 Sane
2104 1984 2249 2044 dum

138 2081 589 2140 Protestantium
615 2081 924 2161 provinciae
947 2080 1157 2139 florent
1174 2125 1189 2155 ‚
1214 2079 1505 2160 squallent
1527 2081 1785 2159 regiones
1816 2080 2249 2139 Catholicorum

137 2176 201 2233 in
243 2175 466 2234 deserta
509 2183 910 2250 commutatam,
955 2177 1033 2234 ita
1069 2187 1133 2233 ut
1172 2176 1269 2235 vix
1306 2175 1507 2235 incolae
1547 2175 1621 2233 ad
1667 2197 1830 2255 agros
1871 2175 2142 2234 colendos
2183 2197 2250 2234 ac

137 2270 498 2330 mechanicas
516 2292 615 2328 seu
638 2270 943 2330 illiberales
971 2281 1122 2329 artes
1146 2270 1494 2330 exercendas
1515 2271 1804 2330 sufficiant
1832 2271 1961 2352 (5);
1989 2271 2055 2331 80
2083 2276 2171 2350 cuj
2182 2294 2247 2330 us

211 2460 280 2525 (l)
315 2461 379 2509 Ita
409 2468 508 2526 post
533 2462 833 2510 protestantes
876 2472 1032 2510 auctor
1067 2481 1145 2527 op.

146 2541 239 2588 Les
275 2543 615 2589 inconveniens
643 2542 709 2589 du
741 2542 908 2590 celibat
935 2542 1014 2590 des
1034 2545 1146 2607 pre-

146 2630 237 2669 tres
259 2660 271 2682 ‚
302 2623 485 2671 Geneve
525 2620 642 2688 1781
670 2640 685 2685 3
722 2634 795 2682 et,
827 2616 953 2687 quod
981 2627 1147 2670 mirum

145 2714 242 2762 est,
277 2705 440 2752 medici
466 2703 532 2751 illi
558 2706 759 2752 libertini
791 2721 905 2769 quos
944 2708 1150 2769 superius

143 2789 348 2835 recensui
379 2824 394 2843 ‚
434 2787 553 2834 hanc
596 2780 756 2851 urgent
793 2786 1147 2849 difficultatem3

144 2869 269 2915 unde
285 2880 422 2933 patet,
443 2879 593 2916 utrum
618 2886 668 2916 ex
683 2869 970 2933 physiologia}
983 2887 1034 2916 ac
1049 2887 1149 2917 me-

146 2949 310 2996 dicinae
328 2950 535 2997 fontibus
553 2985 568 3010 ,
593 2968 649 2997 an
668 2953 816 3014 potius
837 2968 887 2997 ex
918 2952 1150 3014 impietate

151 3030 230 3077 illa
244 3033 527 3095 amplificent
544 3032 854 3092 incommoda,
874 3050 973 3097 quae
990 3042 1151 3097 urgent

151 3112 363 3160 adversus
404 3118 693 3162 continentiae
726 3115 1069 3179 professionem.

216 3192 284 3252 (2)
319 3192 561 3243 Sicrauctor
587 3213 841 3260 anonymus
860 3206 991 3244 tract.
1015 3195 1150 3243 Della

151 3275 409 3332 necessi-fi,
450 3275 508 3321 ed
545 3276 708 3324 utilit&
737 3276 813 3323 del
840 3280 1151 3326 matrimonio

150 3354 275 3419 deqli
290 3355 590 3406 ecclesiastici
608 3397 621 3419 ‚
640 3378 760 3407 anno
788 3375 911 3424 1770
932 3362 1028 3408 sine
1050 3360 1150 3409 loco

150 3439 257 3486 edit.
298 3449 414 3502 part.
452 3456 497 3500 1,
545 3457 649 3505 pag.
690 3457 812 3503 1073
854 3444 929 3489 cui
967 3446 1153 3491 accessit

150 3520 326 3569 Franck
345 3558 357 3580 ‚
388 3539 460 3585 op.
496 3524 571 3570 cit.
612 3519 816 3572 Sistema
843 3522 1064 3588 completo
1099 3525 1153 3572 di

143 3601 334 3668 polizia
370 3602 580 3662 medica,
619 3603 709 3652 loe.
745 3607 822 3651 cit.
851 3601 877 3667 ἓ
915 3602 992 3651 16.

219 3684 281 3748 (3)
322 3684 386 3732 Ita
409 3684 772 3733 Bretschneider.
792 3684 889 3735 Csr.
919 3703 993 3751 op.
1014 3684 1147 3735 Hen-

1231 2465 1362 2510 ricus
1378 2470 1423 2510 et
1438 2461 1699 2518 Antonius,
1720 2480 1801 2510 seu
1836 2460 1907 2511 De
1915 2461 2249 2527 proselytismo

1231 2541 1461 2591 Ecclesioe
1522 2543 1752 2591 Romame
1811 2552 1854 2590 et
1910 2542 2196 2607 evanqelicoe
2230 2581 2246 2601 ,

1232 2624 1382 2672 Vind.
1426 2621 1570 2673 1828.

1301 2707 1371 2770 (h)
1407 2706 1505 2755 Csr.
1552 2707 1854 2767 Plutarchus,
1897 2708 1948 2753 in
1979 2708 2242 2770 merqo,

1234 2807 1343 2853 opp.
1377 2798 1489 2836 tom.
1531 2806 1578 2848 1,
1619 2806 1722 2853 pag.
1761 2806 1824 2835 m.
1859 2785 1958 2852 643
1997 2787 2142 2848 Plato,
2180 2786 2250 2836 De

1231 2870 1367 2934 leqib.
1410 2870 1495 2918 lib.
1528 2885 1608 2928 lv,
1642 2881 1687 2918 et
1724 2870 1805 2917 lib.
1846 2888 1891 2918 vi
1918 2889 1930 2928 τ,
1959 2880 2011 2918 ut
2046 2878 2241 2918 testatur

1233 2954 1419 3013 Cicero,
1452 2952 1508 2999 de
1547 2953 1758 3017 Leqibus
1802 2952 1886 3002 lib.
1927 2970 1999 3001 m.
2029 2952 2155 3000 Inter
2180 2952 2251 3000 le-

1233 3054 1308 3100 ges
1353 3050 1415 3082 xu
1459 3035 1605 3082 tabul.
1655 3045 1698 3083 et
1742 3035 1843 3082 haec
1893 3034 2203 3098 reperiebatur
2231 3049 2247 3080 ε

1221 3116 1436 3164 ’θωῖὶὂεε
1478 3114 1600 3163 Esse
1631 3115 1949 3176 Prohibento‚
1994 3120 2125 3180 cujus
2148 3133 2251 3163 exe-

1234 3201 1357 3247 cutio
1391 3198 1663 3245 dcmandata
1700 3208 1792 3245 erat
1835 3197 2069 3244 aedilibus.
2115 3196 2251 3246 Plura

1235 3281 1321 3328 alia
1344 3290 1544 3328 recenset
1568 3280 1629 3328 H.
1656 3279 1712 3327 G.
1746 3279 2046 3339 Heineecius,
2076 3281 2248 3343 Aneiq.

1234 3362 1373 3409 Rom.
1391 3363 1605 3427 jurispr.
1644 3359 1817 3407 illustr.
1846 3369 2080 3425 syntagma
2101 3360 2189 3409 lib.
2209 3378 2247 3421 1,

1238 3446 1304 3493 tit.
1330 3462 1434 3491 xxv.

1307 3525 1375 3588 (5)
1391 3524 1468 3572 Sic
1484 3533 1643 3570 auctor
1662 3524 1812 3586 operis
1835 3521 2253 3588 Recherolcesphi-

1235 3605 1529 3672 Iosophiquee
1557 3620 1641 3652 sur
1666 3602 1706 3651 le
1736 3602 1923 3655 colibet.
