<?xml version="1.0" encoding="UTF-8"?>
<!DOCTYPE html PUBLIC "-//W3C//DTD XHTML 1.0 Transitional//EN"
    "http://www.w3.org/TR/xhtml1/DTD/xhtml1-transitional.dtd">
<html xmlns="http://www.w3.org/1999/xhtml" xml:lang="en" lang="en">
 <head>
  <title>
</title>
<meta http-equiv="Content-Type" content="text/html;charset=utf-8" />
  <meta name='ocr-system' content='tesseract 3.04.00' />
  <meta name='ocr-capabilities' content='ocr_page ocr_carea ocr_par ocr_line ocrx_word'/>
</head>
<body>
  <div class='ocr_page' id='page_1' title='image "a603693807perruoft_0396.png"; bbox 0 0 2508 4120; ppageno 0'>
   <div class='ocr_carea' id='block_1_1' title="bbox 263 108 1758 168">
    <p class='ocr_par' dir='ltr' id='par_1_1' title="bbox 263 108 1758 168">
     <span class='ocr_line' id='line_1_1' title="bbox 263 108 1758 168; baseline -0.003 0"><span class='ocrx_word' id='word_1_1' title='bbox 263 108 382 168; x_wconf 87' lang='lat'><strong>388</strong></span> <span class='ocrx_word' id='word_1_2' title='bbox 899 125 1228 163; x_wconf 60' lang='lat' dir='ltr'><strong>Tasc&#39;rnus</strong></span> <span class='ocrx_word' id='word_1_3' title='bbox 1273 126 1343 164; x_wconf 79' lang='lat' dir='ltr'><strong>nr,</strong></span> <span class='ocrx_word' id='word_1_4' title='bbox 1385 126 1758 166; x_wconf 69' lang='lat' dir='ltr'><strong>nunmomo.</strong></span> 
     </span>
    </p>
   </div>
   <div class='ocr_carea' id='block_1_2' title="bbox 264 266 2465 2171">
    <p class='ocr_par' dir='ltr' id='par_1_2' title="bbox 264 266 2465 1406">
     <span class='ocr_line' id='line_1_2' title="bbox 264 266 2387 349; baseline 0.001 -15"><span class='ocrx_word' id='word_1_5' title='bbox 264 287 388 335; x_wconf 84' lang='lat' dir='ltr'><strong>tem</strong></span> <span class='ocrx_word' id='word_1_6' title='bbox 431 280 704 332; x_wconf 82' lang='lat' dir='ltr'><strong>exercent</strong></span> <span class='ocrx_word' id='word_1_7' title='bbox 742 268 805 325; x_wconf 91' lang='lat' dir='ltr'><strong>in</strong></span> <span class='ocrx_word' id='word_1_8' title='bbox 839 266 1056 327; x_wconf 90' lang='lat' dir='ltr'><strong>liberos</strong></span> <span class='ocrx_word' id='word_1_9' title='bbox 1111 289 1242 326; x_wconf 92' lang='lat' dir='ltr'><strong>suos</strong></span> <span class='ocrx_word' id='word_1_10' title='bbox 1268 314 1283 342; x_wconf 96' lang='lat'>7</span> <span class='ocrx_word' id='word_1_11' title='bbox 1335 289 1479 349; x_wconf 91' lang='lat' dir='ltr'><strong>quos</strong></span> <span class='ocrx_word' id='word_1_12' title='bbox 1520 290 1643 326; x_wconf 91' lang='lat' dir='ltr'><strong>non</strong></span> <span class='ocrx_word' id='word_1_13' title='bbox 1683 267 1912 327; x_wconf 87' lang='lat' dir='ltr'><strong>Christo</strong></span> <span class='ocrx_word' id='word_1_14' title='bbox 1961 280 2020 328; x_wconf 89' lang='lat' dir='ltr'><strong>et</strong></span> <span class='ocrx_word' id='word_1_15' title='bbox 2066 275 2387 336; x_wconf 86' lang='lat' dir='ltr'><strong>castissimae</strong></span> 
     </span>
     <span class='ocr_line' id='line_1_3' title="bbox 267 362 2391 447; baseline 0.001 -17"><span class='ocrx_word' id='word_1_16' title='bbox 267 369 480 430; x_wconf 85' lang='lat' dir='ltr'>Christi</span> <span class='ocrx_word' id='word_1_17' title='bbox 511 385 740 446; x_wconf 84' lang='lat' dir='ltr'><strong>sponsae</strong></span> <span class='ocrx_word' id='word_1_18' title='bbox 776 362 1038 424; x_wconf 66' lang='lat' dir='ltr'><strong>Ecclesiae</strong></span> <span class='ocrx_word' id='word_1_19' title='bbox 1061 409 1076 438; x_wconf 91' lang='lat'>7</span> <span class='ocrx_word' id='word_1_20' title='bbox 1113 363 1217 422; x_wconf 92' lang='lat' dir='ltr'><strong>sed</strong></span> <span class='ocrx_word' id='word_1_21' title='bbox 1248 365 1476 423; x_wconf 86' lang='lat' dir='ltr'><strong>Satanae</strong></span> <span class='ocrx_word' id='word_1_22' title='bbox 1505 369 1745 445; x_wconf 88' lang='lat' dir='ltr'><strong>ejusque</strong></span> <span class='ocrx_word' id='word_1_23' title='bbox 1776 386 1955 444; x_wconf 87' lang='lat' dir='ltr'><strong>regno</strong></span> <span class='ocrx_word' id='word_1_24' title='bbox 1984 365 2391 447; x_wconf 84' lang='lat' dir='ltr'><strong>amplificando</strong></span> 
     </span>
     <span class='ocr_line' id='line_1_4' title="bbox 266 459 2393 545; baseline 0.001 -23"><span class='ocrx_word' id='word_1_25' title='bbox 266 462 642 545; x_wconf 83' lang='lat' dir='ltr'><strong>progignunt.</strong></span> <span class='ocrx_word' id='word_1_26' title='bbox 678 459 999 518; x_wconf 90' lang='lat' dir='ltr'><strong>Pessimam</strong></span> <span class='ocrx_word' id='word_1_27' title='bbox 1033 459 1584 540; x_wconf 69' lang='lat' dir='ltr'><strong>praevaricationem</strong></span> <span class='ocrx_word' id='word_1_28' title='bbox 1611 459 1922 518; x_wconf 84' lang='lat' dir='ltr'><strong>imitantur</strong></span> <span class='ocrx_word' id='word_1_29' title='bbox 1969 471 2236 521; x_wconf 90' lang='lat' dir='ltr'><strong>veterum</strong></span> <span class='ocrx_word' id='word_1_30' title='bbox 2273 466 2393 526; x_wconf 85' lang='lat' dir='ltr'><strong>He·-</strong></span> 
     </span>
     <span class='ocr_line' id='line_1_5' title="bbox 264 555 2396 636; baseline 0.001 -19"><span class='ocrx_word' id='word_1_31' title='bbox 264 559 556 617; x_wconf 84' lang='lat' dir='ltr'><strong>braeorum</strong></span> <span class='ocrx_word' id='word_1_32' title='bbox 576 601 592 628; x_wconf 92' lang='lat'>7</span> <span class='ocrx_word' id='word_1_33' title='bbox 634 555 735 636; x_wconf 90' lang='lat' dir='ltr'><strong>qui</strong></span> <span class='ocrx_word' id='word_1_34' title='bbox 769 557 1242 614; x_wconf 76' lang='lat' dir='ltr'><strong>immolaverunt</strong></span> <span class='ocrx_word' id='word_1_35' title='bbox 1257 556 1417 634; x_wconf 78' lang='lat' dir='ltr'><strong>filios</strong></span> <span class='ocrx_word' id='word_1_36' title='bbox 1445 577 1582 614; x_wconf 76' lang='lat' dir='ltr'><strong>suos</strong></span> <span class='ocrx_word' id='word_1_37' title='bbox 1615 568 1668 614; x_wconf 75' lang='lat' dir='ltr'><strong>et</strong></span> <span class='ocrx_word' id='word_1_38' title='bbox 1685 557 1851 634; x_wconf 75' lang='lat' dir='ltr'><strong>filias</strong></span> <span class='ocrx_word' id='word_1_39' title='bbox 1879 579 2023 616; x_wconf 78' lang='lat' dir='ltr'><strong>suas</strong></span> <span class='ocrx_word' id='word_1_40' title='bbox 2046 558 2396 631; x_wconf 75' lang='lat' dir='ltr'><strong>doemonii3‚</strong></span> 
     </span>
     <span class='ocr_line' id='line_1_6' title="bbox 264 653 2400 733; baseline 0.001 -21"><span class='ocrx_word' id='word_1_41' title='bbox 264 665 321 712; x_wconf 78' lang='lat' dir='ltr'><strong>et</strong></span> <span class='ocrx_word' id='word_1_42' title='bbox 355 653 699 733; x_wconf 77' lang='lat' dir='ltr'><strong>effuderunt</strong></span> <span class='ocrx_word' id='word_1_43' title='bbox 727 655 1090 731; x_wconf 66' lang='lat' dir='ltr'><strong>sanquinem</strong></span> <span class='ocrx_word' id='word_1_44' title='bbox 1135 655 1546 722; x_wconf 73' lang='lat' dir='ltr'><strong>innocentem,</strong></span> <span class='ocrx_word' id='word_1_45' title='bbox 1570 658 1930 732; x_wconf 71' lang='lat' dir='ltr'><strong>sanquinem</strong></span> <span class='ocrx_word' id='word_1_46' title='bbox 1949 654 2225 729; x_wconf 78' lang='lat' dir='ltr'><strong>filiorum</strong></span> <span class='ocrx_word' id='word_1_47' title='bbox 2261 677 2400 715; x_wconf 74' lang='lat' dir='ltr'><strong>suo·</strong></span> 
     </span>
     <span class='ocr_line' id='line_1_7' title="bbox 264 743 2465 828; baseline 0.002 -21"><span class='ocrx_word' id='word_1_48' title='bbox 264 770 406 808; x_wconf 78' lang='lat' dir='ltr'><strong>rum</strong></span> <span class='ocrx_word' id='word_1_49' title='bbox 431 758 487 805; x_wconf 78' lang='lat' dir='ltr'><strong>et</strong></span> <span class='ocrx_word' id='word_1_50' title='bbox 502 748 786 825; x_wconf 73' lang='lat' dir='ltr'><strong>filiarum</strong></span> <span class='ocrx_word' id='word_1_51' title='bbox 806 768 1067 806; x_wconf 79' lang='lat' dir='ltr'><strong>suarum</strong></span> <span class='ocrx_word' id='word_1_52' title='bbox 1084 791 1104 818; x_wconf 89' lang='lat'><em>‚</em></span> <span class='ocrx_word' id='word_1_53' title='bbox 1131 769 1284 826; x_wconf 77' lang='lat' dir='ltr'><strong>quas</strong></span> <span class='ocrx_word' id='word_1_54' title='bbox 1306 748 1805 825; x_wconf 73' lang='lat' dir='ltr'><strong>sacrificaverunt-</strong></span> <span class='ocrx_word' id='word_1_55' title='bbox 1839 751 2218 828; x_wconf 75' lang='lat' dir='ltr'><strong>sculptilibus</strong></span> <span class='ocrx_word' id='word_1_56' title='bbox 2254 751 2405 811; x_wconf 77' lang='lat' dir='ltr'><strong>Cha·</strong></span> <span class='ocrx_word' id='word_1_57' title='bbox 2464 743 2465 753; x_wconf 14' lang='grc' dir='ltr'><strong>ἶ</strong></span> 
     </span>
     <span class='ocr_line' id='line_1_8' title="bbox 269 842 2396 925; baseline 0 -20"><span class='ocrx_word' id='word_1_58' title='bbox 269 867 440 905; x_wconf 75' lang='lat' dir='ltr'><strong>noan</strong></span> <span class='ocrx_word' id='word_1_59' title='bbox 473 845 599 924; x_wconf 82' lang='lat'>(1);</span> <span class='ocrx_word' id='word_1_60' title='bbox 625 843 745 902; x_wconf 91' lang='lat' dir='ltr'><strong>imo</strong></span> <span class='ocrx_word' id='word_1_61' title='bbox 771 864 839 902; x_wconf 90' lang='lat' dir='ltr'><strong>eo</strong></span> <span class='ocrx_word' id='word_1_62' title='bbox 858 848 1085 925; x_wconf 87' lang='lat' dir='ltr'><strong>pejores</strong></span> <span class='ocrx_word' id='word_1_63' title='bbox 1123 854 1182 903; x_wconf 91' lang='lat' dir='ltr'><strong>et</strong></span> <span class='ocrx_word' id='word_1_64' title='bbox 1210 842 1566 903; x_wconf 85' lang='lat' dir='ltr'><strong>crudeliores</strong></span> <span class='ocrx_word' id='word_1_65' title='bbox 1605 843 1865 903; x_wconf 83' lang='lat' dir='ltr'><strong>Hebraeis</strong></span> <span class='ocrx_word' id='word_1_66' title='bbox 1889 857 2027 903; x_wconf 89' lang='lat' dir='ltr'><strong>sunt</strong></span> <span class='ocrx_word' id='word_1_67' title='bbox 2045 845 2350 924; x_wconf 88' lang='lat' dir='ltr'><strong>judicandi</strong></span> <span class='ocrx_word' id='word_1_68' title='bbox 2380 894 2396 923; x_wconf 91' lang='lat'>7</span> 
     </span>
     <span class='ocr_line' id='line_1_9' title="bbox 274 938 2402 1023; baseline 0.001 -23"><span class='ocrx_word' id='word_1_69' title='bbox 274 963 390 1023; x_wconf 93' lang='lat' dir='ltr'><strong>quo</strong></span> <span class='ocrx_word' id='word_1_70' title='bbox 417 940 627 999; x_wconf 84' lang='lat' dir='ltr'><strong>animae</strong></span> <span class='ocrx_word' id='word_1_71' title='bbox 656 938 996 1020; x_wconf 84' lang='lat' dir='ltr'>corporibus</span> <span class='ocrx_word' id='word_1_72' title='bbox 1027 940 1461 1020; x_wconf 85' lang='lat' dir='ltr'><strong>praestantiores</strong></span> <span class='ocrx_word' id='word_1_73' title='bbox 1490 951 1647 998; x_wconf 88' lang='lat' dir='ltr'><strong>sunt.</strong></span> <span class='ocrx_word' id='word_1_74' title='bbox 1682 942 1837 999; x_wconf 89' lang='lat' dir='ltr'><strong>Dum</strong></span> <span class='ocrx_word' id='word_1_75' title='bbox 1859 941 2037 1020; x_wconf 88' lang='lat' dir='ltr'><strong>igitur</strong></span> <span class='ocrx_word' id='word_1_76' title='bbox 2067 941 2402 1003; x_wconf 82' lang='lat' dir='ltr'><strong>Sacerdotes</strong></span> 
     </span>
     <span class='ocr_line' id='line_1_10' title="bbox 270 1033 2402 1113; baseline 0 -17"><span class='ocrx_word' id='word_1_77' title='bbox 270 1035 539 1097; x_wconf 85' lang='lat' dir='ltr'><strong>catholici</strong></span> <span class='ocrx_word' id='word_1_78' title='bbox 568 1034 873 1094; x_wconf 90' lang='lat' dir='ltr'><strong>blanditiis</strong></span> <span class='ocrx_word' id='word_1_79' title='bbox 892 1080 905 1107; x_wconf 91' lang='lat'>7</span> <span class='ocrx_word' id='word_1_80' title='bbox 943 1035 1120 1092; x_wconf 90' lang='lat' dir='ltr'><strong>minis</strong></span> <span class='ocrx_word' id='word_1_81' title='bbox 1142 1079 1158 1109; x_wconf 86' lang='lat'>7</span> <span class='ocrx_word' id='word_1_82' title='bbox 1194 1033 1602 1095; x_wconf 83' lang='lat' dir='ltr'><strong>vexationibus</strong></span> <span class='ocrx_word' id='word_1_83' title='bbox 1624 1081 1640 1110; x_wconf 87' lang='lat'>7</span> <span class='ocrx_word' id='word_1_84' title='bbox 1671 1034 2063 1095; x_wconf 83' lang='lat' dir='ltr'><strong>mulctatione</strong></span> <span class='ocrx_word' id='word_1_85' title='bbox 2088 1036 2402 1113; x_wconf 87' lang='lat' dir='ltr'><strong>bonorum7</strong></span> 
     </span>
     <span class='ocr_line' id='line_1_11' title="bbox 272 1129 2406 1212; baseline 0 -20"><span class='ocrx_word' id='word_1_86' title='bbox 272 1133 476 1206; x_wconf 82' lang='lat' dir='ltr'><strong>exilio,</strong></span> <span class='ocrx_word' id='word_1_87' title='bbox 524 1129 851 1191; x_wconf 84' lang='lat' dir='ltr'><strong>carceribus</strong></span> <span class='ocrx_word' id='word_1_88' title='bbox 895 1129 1212 1209; x_wconf 87' lang='lat' dir='ltr'><strong>adiguntur</strong></span> <span class='ocrx_word' id='word_1_89' title='bbox 1264 1130 1338 1188; x_wconf 87' lang='lat' dir='ltr'><strong>ad</strong></span> <span class='ocrx_word' id='word_1_90' title='bbox 1376 1129 1603 1188; x_wconf 89' lang='lat' dir='ltr'><strong>illicitas</strong></span> <span class='ocrx_word' id='word_1_91' title='bbox 1649 1129 1755 1189; x_wconf 88' lang='lat' dir='ltr'><strong>has</strong></span> <span class='ocrx_word' id='word_1_92' title='bbox 1796 1129 2031 1212; x_wconf 82' lang='lat' dir='ltr'><strong>nuptias</strong></span> <span class='ocrx_word' id='word_1_93' title='bbox 2076 1133 2194 1192; x_wconf 90' lang='lat' dir='ltr'><strong>ritu</strong></span> <span class='ocrx_word' id='word_1_94' title='bbox 2247 1154 2406 1193; x_wconf 90' lang='lat' dir='ltr'><strong>sacro</strong></span> 
     </span>
     <span class='ocr_line' id='line_1_12' title="bbox 276 1225 2409 1310; baseline 0 -22"><span class='ocrx_word' id='word_1_95' title='bbox 276 1225 674 1288; x_wconf 89' lang='lat' dir='ltr'><strong>honestandas</strong></span> <span class='ocrx_word' id='word_1_96' title='bbox 693 1271 710 1302; x_wconf 97' lang='lat'>7</span> <span class='ocrx_word' id='word_1_97' title='bbox 738 1237 1025 1307; x_wconf 87' lang='lat' dir='ltr'><strong>coguntur</strong></span> <span class='ocrx_word' id='word_1_98' title='bbox 1049 1236 1182 1284; x_wconf 91' lang='lat' dir='ltr'><strong>actu</strong></span> <span class='ocrx_word' id='word_1_99' title='bbox 1223 1226 1475 1308; x_wconf 83' lang='lat' dir='ltr'><strong>positivo</strong></span> <span class='ocrx_word' id='word_1_100' title='bbox 1502 1225 1756 1308; x_wconf 90' lang='lat' dir='ltr'><strong>probare</strong></span> <span class='ocrx_word' id='word_1_101' title='bbox 1802 1227 1862 1286; x_wconf 92' lang='lat' dir='ltr'><strong>id</strong></span> <span class='ocrx_word' id='word_1_102' title='bbox 1886 1274 1902 1304; x_wconf 90' lang='lat'>7</span> <span class='ocrx_word' id='word_1_103' title='bbox 1935 1227 2092 1310; x_wconf 90' lang='lat' dir='ltr'><strong>quod</strong></span> <span class='ocrx_word' id='word_1_104' title='bbox 2128 1228 2409 1289; x_wconf 87' lang='lat' dir='ltr'><strong>catholica</strong></span> 
     </span>
     <span class='ocr_line' id='line_1_13' title="bbox 275 1321 1773 1406; baseline -0.001 -22"><span class='ocrx_word' id='word_1_105' title='bbox 275 1325 421 1386; x_wconf 89' lang='lat' dir='ltr'><strong>fides</strong></span> <span class='ocrx_word' id='word_1_106' title='bbox 456 1336 742 1406; x_wconf 86' lang='lat' dir='ltr'><strong>tanquam</strong></span> <span class='ocrx_word' id='word_1_107' title='bbox 771 1322 956 1382; x_wconf 89' lang='lat' dir='ltr'><strong>scelus</strong></span> <span class='ocrx_word' id='word_1_108' title='bbox 991 1321 1415 1403; x_wconf 89' lang='lat' dir='ltr'><strong>nequissimum</strong></span> <span class='ocrx_word' id='word_1_109' title='bbox 1455 1321 1773 1404; x_wconf 87' lang='lat' dir='ltr'><strong>improbat.</strong></span> 
     </span>
    </p>

    <p class='ocr_par' dir='ltr' id='par_1_3' title="bbox 279 1419 2420 2171">
     <span class='ocr_line' id='line_1_14' title="bbox 361 1419 2404 1504; baseline 0 -23"><span class='ocrx_word' id='word_1_110' title='bbox 361 1420 497 1481; x_wconf 83' lang='lat'>317.</span> <span class='ocrx_word' id='word_1_111' title='bbox 548 1421 850 1500; x_wconf 83' lang='lat' dir='ltr'><strong>Coguntur</strong></span> <span class='ocrx_word' id='word_1_112' title='bbox 894 1430 1173 1500; x_wconf 87' lang='lat' dir='ltr'><strong>praeterea</strong></span> <span class='ocrx_word' id='word_1_113' title='bbox 1232 1419 1600 1479; x_wconf 80' lang='lat' dir='ltr'><strong>conscientiae</strong></span> <span class='ocrx_word' id='word_1_114' title='bbox 1651 1440 1766 1478; x_wconf 85' lang='lat' dir='ltr'><strong>suae</strong></span> <span class='ocrx_word' id='word_1_115' title='bbox 1815 1420 1967 1500; x_wconf 88' lang='lat' dir='ltr'><strong>leges</strong></span> <span class='ocrx_word' id='word_1_116' title='bbox 2013 1421 2404 1504; x_wconf 70' lang='lat' dir='ltr'><strong>praetergredi.</strong></span> 
     </span>
     <span class='ocr_line' id='line_1_15' title="bbox 279 1513 2411 1600; baseline 0 -23"><span class='ocrx_word' id='word_1_117' title='bbox 279 1520 486 1598; x_wconf 89' lang='lat' dir='ltr'><strong>Neque</strong></span> <span class='ocrx_word' id='word_1_118' title='bbox 511 1518 675 1576; x_wconf 91' lang='lat' dir='ltr'><strong>enim</strong></span> <span class='ocrx_word' id='word_1_119' title='bbox 706 1525 952 1596; x_wconf 85' lang='lat' dir='ltr'><strong>possunt</strong></span> <span class='ocrx_word' id='word_1_120' title='bbox 978 1513 1062 1571; x_wconf 91' lang='lat' dir='ltr'><strong>illi</strong></span> <span class='ocrx_word' id='word_1_121' title='bbox 1085 1514 1195 1571; x_wconf 89' lang='lat' dir='ltr'><strong>nisi</strong></span> <span class='ocrx_word' id='word_1_122' title='bbox 1218 1513 1545 1572; x_wconf 83' lang='lat' dir='ltr'><strong>reluctante</strong></span> <span class='ocrx_word' id='word_1_123' title='bbox 1567 1517 1919 1575; x_wconf 86' lang='lat' dir='ltr'><strong>conscientia</strong></span> <span class='ocrx_word' id='word_1_124' title='bbox 1946 1529 2144 1576; x_wconf 90' lang='lat' dir='ltr'><strong>actum</strong></span> <span class='ocrx_word' id='word_1_125' title='bbox 2171 1539 2411 1600; x_wconf 84' lang='lat' dir='ltr'><strong>ponere,</strong></span> 
     </span>
     <span class='ocr_line' id='line_1_16' title="bbox 282 1609 2409 1696; baseline 0 -23"><span class='ocrx_word' id='word_1_126' title='bbox 282 1635 459 1696; x_wconf 90' lang='lat' dir='ltr'><strong>quem</strong></span> <span class='ocrx_word' id='word_1_127' title='bbox 502 1612 752 1693; x_wconf 88' lang='lat' dir='ltr'><strong>impium</strong></span> <span class='ocrx_word' id='word_1_128' title='bbox 795 1632 919 1669; x_wconf 90' lang='lat' dir='ltr'><strong>esse</strong></span> <span class='ocrx_word' id='word_1_129' title='bbox 950 1609 1291 1688; x_wconf 88' lang='lat' dir='ltr'><strong>intelligunt</strong></span> <span class='ocrx_word' id='word_1_130' title='bbox 1329 1621 1387 1668; x_wconf 88' lang='lat' dir='ltr'><strong>et</strong></span> <span class='ocrx_word' id='word_1_131' title='bbox 1424 1611 1675 1669; x_wconf 90' lang='lat' dir='ltr'><strong>vetitum</strong></span> <span class='ocrx_word' id='word_1_132' title='bbox 1717 1611 2110 1672; x_wconf 89' lang='lat' dir='ltr'><strong>ecclesiasticis</strong></span> <span class='ocrx_word' id='word_1_133' title='bbox 2142 1613 2365 1694; x_wconf 87' lang='lat' dir='ltr'><strong>legibus</strong></span> <span class='ocrx_word' id='word_1_134' title='bbox 2393 1661 2409 1689; x_wconf 94' lang='lat'>7</span> 
     </span>
     <span class='ocr_line' id='line_1_17' title="bbox 284 1706 2416 1790; baseline 0 -21"><span class='ocrx_word' id='word_1_135' title='bbox 284 1706 651 1790; x_wconf 89' lang='lat' dir='ltr'><strong>cooperando</strong></span> <span class='ocrx_word' id='word_1_136' title='bbox 676 1706 925 1787; x_wconf 86' lang='lat' dir='ltr'><strong>positive</strong></span> <span class='ocrx_word' id='word_1_137' title='bbox 947 1751 963 1779; x_wconf 94' lang='lat'>7</span> <span class='ocrx_word' id='word_1_138' title='bbox 997 1717 1062 1764; x_wconf 91' lang='lat' dir='ltr'><strong>ut</strong></span> <span class='ocrx_word' id='word_1_139' title='bbox 1105 1706 1268 1764; x_wconf 89' lang='lat' dir='ltr'><strong>aiunt</strong></span> <span class='ocrx_word' id='word_1_140' title='bbox 1287 1751 1302 1779; x_wconf 90' lang='lat'>7</span> <span class='ocrx_word' id='word_1_141' title='bbox 1344 1726 1450 1786; x_wconf 91' lang='lat' dir='ltr'><strong>per</strong></span> <span class='ocrx_word' id='word_1_142' title='bbox 1473 1707 1618 1765; x_wconf 90' lang='lat' dir='ltr'><strong>sacri</strong></span> <span class='ocrx_word' id='word_1_143' title='bbox 1643 1707 1789 1766; x_wconf 88' lang='lat' dir='ltr'><strong>ritus</strong></span> <span class='ocrx_word' id='word_1_144' title='bbox 1816 1708 2241 1768; x_wconf 85' lang='lat' dir='ltr'><strong>exhibitionem</strong></span> <span class='ocrx_word' id='word_1_145' title='bbox 2269 1710 2416 1770; x_wconf 90' lang='lat' dir='ltr'><strong>alio-</strong></span> 
     </span>
     <span class='ocr_line' id='line_1_18' title="bbox 289 1800 2417 1884; baseline 0.002 -22"><span class='ocrx_word' id='word_1_146' title='bbox 289 1826 424 1863; x_wconf 88' lang='lat' dir='ltr'><strong>rum</strong></span> <span class='ocrx_word' id='word_1_147' title='bbox 474 1812 712 1884; x_wconf 88' lang='lat' dir='ltr'><strong>peccato</strong></span> <span class='ocrx_word' id='word_1_148' title='bbox 755 1811 814 1859; x_wconf 90' lang='lat' dir='ltr'><strong>et</strong></span> <span class='ocrx_word' id='word_1_149' title='bbox 857 1800 1171 1881; x_wconf 78' lang='lat' dir='ltr'><strong>sacrilegio,</strong></span> <span class='ocrx_word' id='word_1_150' title='bbox 1221 1803 1364 1859; x_wconf 90' lang='lat' dir='ltr'><strong>Utra</strong></span> <span class='ocrx_word' id='word_1_151' title='bbox 1417 1802 1575 1862; x_wconf 88' lang='lat' dir='ltr'><strong>enim</strong></span> <span class='ocrx_word' id='word_1_152' title='bbox 1619 1802 1964 1862; x_wconf 85' lang='lat' dir='ltr'><strong>admittatur</strong></span> <span class='ocrx_word' id='word_1_153' title='bbox 2009 1806 2298 1865; x_wconf 88' lang='lat' dir='ltr'><strong>sententia</strong></span> <span class='ocrx_word' id='word_1_154' title='bbox 2343 1805 2417 1866; x_wconf 90' lang='lat' dir='ltr'><strong>de</strong></span> 
     </span>
     <span class='ocr_line' id='line_1_19' title="bbox 290 1896 2419 1981; baseline 0 -21"><span class='ocrx_word' id='word_1_155' title='bbox 290 1900 559 1961; x_wconf 84' lang='lat' dir='ltr'><strong>ministro</strong></span> <span class='ocrx_word' id='word_1_156' title='bbox 593 1896 986 1973; x_wconf 83' lang='lat' dir='ltr'><strong>Matrimonii,</strong></span> <span class='ocrx_word' id='word_1_157' title='bbox 1012 1916 1191 1977; x_wconf 77' lang='lat' dir='ltr'><strong>¹aeque</strong></span> <span class='ocrx_word' id='word_1_158' title='bbox 1236 1896 1311 1955; x_wconf 88' lang='lat' dir='ltr'><strong>ad</strong></span> <span class='ocrx_word' id='word_1_159' title='bbox 1358 1898 1721 1957; x_wconf 89' lang='lat' dir='ltr'><strong>Sacramenti</strong></span> <span class='ocrx_word' id='word_1_160' title='bbox 1762 1899 2234 1981; x_wconf 87' lang='lat' dir='ltr'><strong>profanationem</strong></span> <span class='ocrx_word' id='word_1_161' title='bbox 2277 1923 2419 1961; x_wconf 90' lang='lat' dir='ltr'><strong>con—</strong></span> 
     </span>
     <span class='ocr_line' id='line_1_20' title="bbox 288 1992 2420 2071; baseline 0 -15"><span class='ocrx_word' id='word_1_162' title='bbox 288 2006 611 2056; x_wconf 86' lang='lat' dir='ltr'><strong>currerent.</strong></span> <span class='ocrx_word' id='word_1_163' title='bbox 639 1995 788 2054; x_wconf 88' lang='lat' dir='ltr'><strong>Nam</strong></span> <span class='ocrx_word' id='word_1_164' title='bbox 814 1994 860 2052; x_wconf 92' lang='lat' dir='ltr'><strong>si</strong></span> <span class='ocrx_word' id='word_1_165' title='bbox 876 1992 1199 2053; x_wconf 86' lang='lat' dir='ltr'><strong>Sacerdotis</strong></span> <span class='ocrx_word' id='word_1_166' title='bbox 1217 1994 1605 2053; x_wconf 88' lang='lat' dir='ltr'><strong>ministerium</strong></span> <span class='ocrx_word' id='word_1_167' title='bbox 1625 1994 1776 2054; x_wconf 88' lang='lat' dir='ltr'><strong>illud</strong></span> <span class='ocrx_word' id='word_1_168' title='bbox 1801 1995 1876 2054; x_wconf 87' lang='lat' dir='ltr'><strong>sit</strong></span> <span class='ocrx_word' id='word_1_169' title='bbox 1897 2042 1912 2071; x_wconf 90' lang='lat'>7</span> <span class='ocrx_word' id='word_1_170' title='bbox 1950 1997 2202 2057; x_wconf 87' lang='lat' dir='ltr'><strong>scienter</strong></span> <span class='ocrx_word' id='word_1_171' title='bbox 2218 1999 2420 2057; x_wconf 88' lang='lat' dir='ltr'><strong>Sacra-</strong></span> 
     </span>
     <span class='ocr_line' id='line_1_21' title="bbox 293 2090 2420 2171; baseline 0 -18"><span class='ocrx_word' id='word_1_172' title='bbox 293 2105 563 2153; x_wconf 88' lang='lat' dir='ltr'><strong>mentum</strong></span> <span class='ocrx_word' id='word_1_173' title='bbox 587 2090 922 2150; x_wconf 91' lang='lat' dir='ltr'><strong>conferrent</strong></span> <span class='ocrx_word' id='word_1_174' title='bbox 945 2090 1194 2171; x_wconf 87' lang='lat' dir='ltr'><strong>positive</strong></span> <span class='ocrx_word' id='word_1_175' title='bbox 1226 2090 1519 2171; x_wconf 77' lang='lat' dir='ltr'><strong>indignis3</strong></span> <span class='ocrx_word' id='word_1_176' title='bbox 1549 2093 1597 2150; x_wconf 90' lang='lat' dir='ltr'><strong>si</strong></span> <span class='ocrx_word' id='word_1_177' title='bbox 1626 2114 1764 2152; x_wconf 85' lang='lat' dir='ltr'><strong>vero</strong></span> <span class='ocrx_word' id='word_1_178' title='bbox 1798 2093 1872 2151; x_wconf 89' lang='lat' dir='ltr'><strong>sit</strong></span> <span class='ocrx_word' id='word_1_179' title='bbox 1904 2094 2378 2154; x_wconf 84' lang='lat' dir='ltr'><strong>contrahentium</strong></span> <span class='ocrx_word' id='word_1_180' title='bbox 2404 2140 2420 2168; x_wconf 94' lang='lat'>7</span> 
     </span>
    </p>
   </div>
   <div class='ocr_carea' id='block_1_3' title="bbox 280 2181 2422 2362">
    <p class='ocr_par' dir='ltr' id='par_1_4' title="bbox 280 2181 2422 2362">
     <span class='ocr_line' id='line_1_22' title="bbox 294 2181 2422 2267; baseline 0.001 -20"><span class='ocrx_word' id='word_1_181' title='bbox 294 2188 607 2248; x_wconf 90' lang='lat' dir='ltr'><strong>conferunt</strong></span> <span class='ocrx_word' id='word_1_182' title='bbox 643 2185 959 2267; x_wconf 86' lang='lat' dir='ltr'><strong>positivum</strong></span> <span class='ocrx_word' id='word_1_183' title='bbox 1005 2197 1202 2243; x_wconf 90' lang='lat' dir='ltr'><strong>actum</strong></span> <span class='ocrx_word' id='word_1_184' title='bbox 1247 2186 1321 2244; x_wconf 91' lang='lat' dir='ltr'><strong>ad</strong></span> <span class='ocrx_word' id='word_1_185' title='bbox 1370 2186 1710 2265; x_wconf 85' lang='lat' dir='ltr'><strong>sacrilegam</strong></span> <span class='ocrx_word' id='word_1_186' title='bbox 1759 2188 2020 2265; x_wconf 81' lang='lat' dir='ltr'><strong>ejusdem</strong></span> <span class='ocrx_word' id='word_1_187' title='bbox 2063 2181 2422 2250; x_wconf 88' lang='lat' dir='ltr'><strong>Sacramenti</strong></span> 
     </span>
     <span class='ocr_line' id='line_1_23' title="bbox 280 2279 2049 2362; baseline -0.001 -18"><span class='ocrx_word' id='word_1_188' title='bbox 280 2279 889 2344; x_wconf 80' lang='lat' dir='ltr'><strong>administrationem.</strong></span> <span class='ocrx_word' id='word_1_189' title='bbox 923 2281 1096 2338; x_wconf 88' lang='lat' dir='ltr'><strong>Nefas</strong></span> <span class='ocrx_word' id='word_1_190' title='bbox 1125 2291 1445 2362; x_wconf 87' lang='lat' dir='ltr'><strong>utrumque</strong></span> <span class='ocrx_word' id='word_1_191' title='bbox 1469 2293 1529 2340; x_wconf 88' lang='lat' dir='ltr'><strong>et</strong></span> <span class='ocrx_word' id='word_1_192' title='bbox 1557 2282 1904 2362; x_wconf 89' lang='lat' dir='ltr'><strong>sacrilegum</strong></span> <span class='ocrx_word' id='word_1_193' title='bbox 1941 2295 2049 2342; x_wconf 88' lang='lat' dir='ltr'><strong>est.</strong></span> 
     </span>
    </p>
   </div>
   <div class='ocr_carea' id='block_1_4' title="bbox 299 2375 2433 2940">
    <p class='ocr_par' dir='ltr' id='par_1_5' title="bbox 299 2375 2433 2940">
     <span class='ocr_line' id='line_1_24' title="bbox 381 2375 2425 2459; baseline 0.002 -21"><span class='ocrx_word' id='word_1_194' title='bbox 381 2378 521 2438; x_wconf 83' lang='lat'>318.</span> <span class='ocrx_word' id='word_1_195' title='bbox 567 2377 760 2436; x_wconf 86' lang='lat' dir='ltr'><strong>Tertio</strong></span> <span class='ocrx_word' id='word_1_196' title='bbox 806 2387 1092 2455; x_wconf 89' lang='lat' dir='ltr'><strong>coguntur</strong></span> <span class='ocrx_word' id='word_1_197' title='bbox 1141 2375 1294 2455; x_wconf 89' lang='lat' dir='ltr'><strong>leges</strong></span> <span class='ocrx_word' id='word_1_198' title='bbox 1341 2377 1661 2456; x_wconf 87' lang='lat' dir='ltr'><strong>infringere</strong></span> <span class='ocrx_word' id='word_1_199' title='bbox 1703 2401 1735 2436; x_wconf 88' lang='lat' dir='ltr'><strong>a</strong></span> <span class='ocrx_word' id='word_1_200' title='bbox 1772 2378 2029 2459; x_wconf 88' lang='lat' dir='ltr'><strong>legitima</strong></span> <span class='ocrx_word' id='word_1_201' title='bbox 2078 2382 2425 2443; x_wconf 87' lang='lat' dir='ltr'><strong>auctoritate</strong></span> 
     </span>
     <span class='ocr_line' id='line_1_25' title="bbox 299 2473 2423 2558; baseline 0 -19"><span class='ocrx_word' id='word_1_202' title='bbox 299 2480 584 2539; x_wconf 75' lang='lat' dir='ltr'><strong>decretas·</strong></span> <span class='ocrx_word' id='word_1_203' title='bbox 613 2474 891 2555; x_wconf 82' lang='lat' dir='ltr'><strong>Legitima</strong></span> <span class='ocrx_word' id='word_1_204' title='bbox 926 2473 1088 2532; x_wconf 89' lang='lat' dir='ltr'><strong>enim</strong></span> <span class='ocrx_word' id='word_1_205' title='bbox 1121 2473 1433 2532; x_wconf 88' lang='lat' dir='ltr'><strong>auctoritas</strong></span> <span class='ocrx_word' id='word_1_206' title='bbox 1460 2474 1609 2533; x_wconf 86' lang='lat' dir='ltr'><strong>circa</strong></span> <span class='ocrx_word' id='word_1_207' title='bbox 1635 2496 1727 2534; x_wconf 89' lang='lat' dir='ltr'><strong>res</strong></span> <span class='ocrx_word' id='word_1_208' title='bbox 1756 2496 1916 2534; x_wconf 87' lang='lat' dir='ltr'><strong>mere</strong></span> <span class='ocrx_word' id='word_1_209' title='bbox 1948 2477 2276 2558; x_wconf 89' lang='lat' dir='ltr'><strong>spirituales</strong></span> <span class='ocrx_word' id='word_1_210' title='bbox 2301 2525 2316 2551; x_wconf 85' lang='lat'>7</span> <span class='ocrx_word' id='word_1_211' title='bbox 2358 2480 2423 2538; x_wconf 87' lang='lat' dir='ltr'><strong>in</strong></span> 
     </span>
     <span class='ocr_line' id='line_1_26' title="bbox 304 2570 2425 2657; baseline 0.001 -24"><span class='ocrx_word' id='word_1_212' title='bbox 304 2573 516 2657; x_wconf 90' lang='lat' dir='ltr'><strong>quibus</strong></span> <span class='ocrx_word' id='word_1_213' title='bbox 535 2571 793 2655; x_wconf 90' lang='lat' dir='ltr'><strong>profecto</strong></span> <span class='ocrx_word' id='word_1_214' title='bbox 814 2570 1148 2630; x_wconf 84' lang='lat' dir='ltr'><strong>continetur</strong></span> <span class='ocrx_word' id='word_1_215' title='bbox 1164 2570 1564 2650; x_wconf 87' lang='lat' dir='ltr'><strong>conjugiorum</strong></span> <span class='ocrx_word' id='word_1_216' title='bbox 1589 2570 2056 2631; x_wconf 90' lang='lat' dir='ltr'><strong>Christianorum</strong></span> <span class='ocrx_word' id='word_1_217' title='bbox 2076 2595 2183 2655; x_wconf 90' lang='lat' dir='ltr'><strong>per</strong></span> <span class='ocrx_word' id='word_1_218' title='bbox 2198 2595 2425 2635; x_wconf 89' lang='lat' dir='ltr'><strong>sacrum</strong></span> 
     </span>
     <span class='ocr_line' id='line_1_27' title="bbox 305 2664 2425 2751; baseline 0 -23"><span class='ocrx_word' id='word_1_219' title='bbox 305 2672 487 2728; x_wconf 89' lang='lat' dir='ltr'><strong>ritum</strong></span> <span class='ocrx_word' id='word_1_220' title='bbox 509 2666 821 2727; x_wconf 88' lang='lat' dir='ltr'><strong>celebratio</strong></span> <span class='ocrx_word' id='word_1_221' title='bbox 842 2711 857 2740; x_wconf 90' lang='lat'>7</span> <span class='ocrx_word' id='word_1_222' title='bbox 891 2664 1051 2724; x_wconf 90' lang='lat' dir='ltr'><strong>nulla</strong></span> <span class='ocrx_word' id='word_1_223' title='bbox 1076 2665 1302 2724; x_wconf 90' lang='lat' dir='ltr'><strong>ratione</strong></span> <span class='ocrx_word' id='word_1_224' title='bbox 1323 2665 1397 2724; x_wconf 89' lang='lat' dir='ltr'><strong>ad</strong></span> <span class='ocrx_word' id='word_1_225' title='bbox 1422 2667 1716 2748; x_wconf 91' lang='lat' dir='ltr'><strong>Principes</strong></span> <span class='ocrx_word' id='word_1_226' title='bbox 1754 2668 2103 2750; x_wconf 89' lang='lat' dir='ltr'><strong>temporales</strong></span> <span class='ocrx_word' id='word_1_227' title='bbox 2131 2670 2387 2751; x_wconf 90' lang='lat' dir='ltr'><strong>pertinet</strong></span> <span class='ocrx_word' id='word_1_228' title='bbox 2409 2715 2425 2745; x_wconf 91' lang='lat'>7</span> 
     </span>
     <span class='ocr_line' id='line_1_28' title="bbox 306 2759 2433 2838; baseline 0 -13"><span class='ocrx_word' id='word_1_229' title='bbox 306 2763 495 2838; x_wconf 89' lang='lat' dir='ltr'><strong>multo</strong></span> <span class='ocrx_word' id='word_1_230' title='bbox 528 2784 669 2824; x_wconf 87' lang='lat' dir='ltr'><strong>vero</strong></span> <span class='ocrx_word' id='word_1_231' title='bbox 701 2763 895 2821; x_wconf 90' lang='lat' dir='ltr'><strong>minus</strong></span> <span class='ocrx_word' id='word_1_232' title='bbox 927 2759 1003 2819; x_wconf 91' lang='lat' dir='ltr'><strong>ad</strong></span> <span class='ocrx_word' id='word_1_233' title='bbox 1034 2760 1415 2836; x_wconf 90' lang='lat' dir='ltr'><strong>acatholicos7</strong></span> <span class='ocrx_word' id='word_1_234' title='bbox 1465 2761 1681 2821; x_wconf 88' lang='lat' dir='ltr'><strong>scilicet</strong></span> <span class='ocrx_word' id='word_1_235' title='bbox 1713 2763 1976 2823; x_wconf 88' lang='lat' dir='ltr'><strong>ethnicos</strong></span> <span class='ocrx_word' id='word_1_236' title='bbox 1995 2809 2011 2838; x_wconf 83' lang='lat'>7</span> <span class='ocrx_word' id='word_1_237' title='bbox 2046 2764 2342 2825; x_wconf 78' lang='lat' dir='ltr'><strong>haereticos</strong></span> <span class='ocrx_word' id='word_1_238' title='bbox 2374 2776 2433 2825; x_wconf 89' lang='lat' dir='ltr'><strong>et</strong></span> 
     </span>
     <span class='ocr_line' id='line_1_29' title="bbox 313 2855 2433 2940; baseline 0.001 -22"><span class='ocrx_word' id='word_1_239' title='bbox 313 2859 737 2933; x_wconf 89' lang='lat' dir='ltr'><strong>schismaticos7</strong></span> <span class='ocrx_word' id='word_1_240' title='bbox 782 2855 882 2917; x_wconf 88' lang='lat' dir='ltr'><strong>sed</strong></span> <span class='ocrx_word' id='word_1_241' title='bbox 916 2856 978 2913; x_wconf 91' lang='lat' dir='ltr'><strong>in</strong></span> <span class='ocrx_word' id='word_1_242' title='bbox 1021 2878 1139 2914; x_wconf 89' lang='lat' dir='ltr'><strong>una</strong></span> <span class='ocrx_word' id='word_1_243' title='bbox 1180 2856 1426 2916; x_wconf 89' lang='lat' dir='ltr'><strong>Ecclesia</strong></span> <span class='ocrx_word' id='word_1_244' title='bbox 1463 2879 1700 2939; x_wconf 86' lang='lat' dir='ltr'><strong>prorsus</strong></span> <span class='ocrx_word' id='word_1_245' title='bbox 1737 2861 2020 2919; x_wconf 90' lang='lat' dir='ltr'><strong>consistit.</strong></span> <span class='ocrx_word' id='word_1_246' title='bbox 2066 2861 2214 2919; x_wconf 89' lang='lat' dir='ltr'><strong>Cum</strong></span> <span class='ocrx_word' id='word_1_247' title='bbox 2259 2862 2433 2940; x_wconf 89' lang='lat' dir='ltr'><strong>igitur</strong></span> 
     </span>
    </p>
   </div>
   <div class='ocr_carea' id='block_1_5' title="bbox 314 2951 2436 3123">
    <p class='ocr_par' dir='ltr' id='par_1_6' title="bbox 314 2951 2436 3123">
     <span class='ocr_line' id='line_1_30' title="bbox 315 2951 2431 3035; baseline 0.001 -21"><span class='ocrx_word' id='word_1_248' title='bbox 315 2954 562 3014; x_wconf 90' lang='lat' dir='ltr'><strong>Ecclesia</strong></span> <span class='ocrx_word' id='word_1_249' title='bbox 596 2954 799 3035; x_wconf 89' lang='lat' dir='ltr'><strong>quovis</strong></span> <span class='ocrx_word' id='word_1_250' title='bbox 821 2964 1087 3033; x_wconf 88' lang='lat' dir='ltr'><strong>tempore</strong></span> <span class='ocrx_word' id='word_1_251' title='bbox 1121 2953 1294 3011; x_wconf 87' lang='lat' dir='ltr'><strong>sacris</strong></span> <span class='ocrx_word' id='word_1_252' title='bbox 1325 2951 1548 3032; x_wconf 88' lang='lat' dir='ltr'><strong>legibus</strong></span> <span class='ocrx_word' id='word_1_253' title='bbox 1584 2953 1990 3014; x_wconf 88' lang='lat' dir='ltr'><strong>Sacerdotibus</strong></span> <span class='ocrx_word' id='word_1_254' title='bbox 2027 2956 2431 3031; x_wconf 64' lang='lat' dir='ltr'><strong>interdixerit,</strong></span> 
     </span>
     <span class='ocr_line' id='line_1_31' title="bbox 314 3046 2436 3123; baseline 0 -13"><span class='ocrx_word' id='word_1_255' title='bbox 314 3072 391 3110; x_wconf 91' lang='lat' dir='ltr'><strong>ne</strong></span> <span class='ocrx_word' id='word_1_256' title='bbox 434 3048 737 3109; x_wconf 89' lang='lat' dir='ltr'><strong>connubiis</strong></span> <span class='ocrx_word' id='word_1_257' title='bbox 783 3048 981 3106; x_wconf 85' lang='lat' dir='ltr'><strong>mixtis</strong></span> <span class='ocrx_word' id='word_1_258' title='bbox 1022 3046 1305 3107; x_wconf 88' lang='lat' dir='ltr'><strong>adsistant</strong></span> <span class='ocrx_word' id='word_1_259' title='bbox 1339 3093 1356 3123; x_wconf 90' lang='lat'>7</span> <span class='ocrx_word' id='word_1_260' title='bbox 1405 3060 1506 3106; x_wconf 89' lang='lat' dir='ltr'><strong>aut</strong></span> <span class='ocrx_word' id='word_1_261' title='bbox 1565 3049 1683 3107; x_wconf 92' lang='lat' dir='ltr'><strong>ritu</strong></span> <span class='ocrx_word' id='word_1_262' title='bbox 1722 3071 1880 3109; x_wconf 88' lang='lat' dir='ltr'><strong>sacro</strong></span> <span class='ocrx_word' id='word_1_263' title='bbox 1935 3051 2121 3114; x_wconf 89' lang='lat' dir='ltr'><strong>aliove</strong></span> <span class='ocrx_word' id='word_1_264' title='bbox 2167 3052 2436 3112; x_wconf 86' lang='lat' dir='ltr'><strong>exteriori</strong></span> 
     </span>
    </p>
   </div>
   <div class='ocr_carea' id='block_1_6' title="bbox 318 3135 2434 3226">
    <p class='ocr_par' dir='ltr' id='par_1_7' title="bbox 318 3135 2434 3226">
     <span class='ocr_line' id='line_1_32' title="bbox 318 3135 2434 3226; baseline 0 -22"><span class='ocrx_word' id='word_1_265' title='bbox 318 3157 451 3204; x_wconf 89' lang='lat' dir='ltr'><strong>actu</strong></span> <span class='ocrx_word' id='word_1_266' title='bbox 488 3166 553 3204; x_wconf 89' lang='lat' dir='ltr'><strong>ea</strong></span> <span class='ocrx_word' id='word_1_267' title='bbox 589 3143 839 3226; x_wconf 81' lang='lat' dir='ltr'><strong>probare</strong></span> <span class='ocrx_word' id='word_1_268' title='bbox 875 3141 1223 3217; x_wconf 88' lang='lat' dir='ltr'><strong>videantur7</strong></span> <span class='ocrx_word' id='word_1_269' title='bbox 1266 3144 1380 3202; x_wconf 89' lang='lat' dir='ltr'><strong>nisi</strong></span> <span class='ocrx_word' id='word_1_270' title='bbox 1422 3155 1636 3203; x_wconf 89' lang='lat' dir='ltr'><strong>statuta</strong></span> <span class='ocrx_word' id='word_1_271' title='bbox 1673 3166 1965 3205; x_wconf 90' lang='lat' dir='ltr'><strong>canonum</strong></span> <span class='ocrx_word' id='word_1_272' title='bbox 2012 3135 2434 3222; x_wconf 78' lang='lat' dir='ltr'><strong>observentur,</strong></span> 
     </span>
    </p>
   </div>
   <div class='ocr_carea' id='block_1_7' title="bbox 323 3238 2438 3415">
    <p class='ocr_par' dir='ltr' id='par_1_8' title="bbox 323 3238 2438 3415">
     <span class='ocr_line' id='line_1_33' title="bbox 323 3238 2438 3325; baseline 0.001 -26"><span class='ocrx_word' id='word_1_273' title='bbox 323 3241 610 3321; x_wconf 73' lang='lat' dir='ltr'><strong>sequitur7</strong></span> <span class='ocrx_word' id='word_1_274' title='bbox 640 3238 1092 3320; x_wconf 87' lang='lat' dir='ltr'><strong>haudquaquam</strong></span> <span class='ocrx_word' id='word_1_275' title='bbox 1117 3238 1229 3296; x_wconf 88' lang='lat' dir='ltr'><strong>illis</strong></span> <span class='ocrx_word' id='word_1_276' title='bbox 1260 3238 1431 3300; x_wconf 91' lang='lat' dir='ltr'><strong>licere</strong></span> <span class='ocrx_word' id='word_1_277' title='bbox 1455 3240 1623 3300; x_wconf 89' lang='lat' dir='ltr'><strong>aliter</strong></span> <span class='ocrx_word' id='word_1_278' title='bbox 1655 3264 1821 3322; x_wconf 86' lang='lat' dir='ltr'><strong>agere</strong></span> <span class='ocrx_word' id='word_1_279' title='bbox 1841 3288 1857 3318; x_wconf 94' lang='lat'>7</span> <span class='ocrx_word' id='word_1_280' title='bbox 1885 3244 2025 3325; x_wconf 90' lang='lat' dir='ltr'><strong>quin</strong></span> <span class='ocrx_word' id='word_1_281' title='bbox 2052 3243 2203 3324; x_wconf 90' lang='lat' dir='ltr'><strong>leges</strong></span> <span class='ocrx_word' id='word_1_282' title='bbox 2230 3242 2438 3302; x_wconf 86' lang='lat' dir='ltr'><strong>infrin-</strong></span> 
     </span>
     <span class='ocr_line' id='line_1_34' title="bbox 323 3334 1479 3415; baseline 0.003 -23"><span class='ocrx_word' id='word_1_283' title='bbox 323 3347 462 3414; x_wconf 86' lang='lat' dir='ltr'><strong>gant</strong></span> <span class='ocrx_word' id='word_1_284' title='bbox 487 3358 519 3394; x_wconf 91' lang='lat' dir='ltr'><strong>a</strong></span> <span class='ocrx_word' id='word_1_285' title='bbox 550 3335 806 3415; x_wconf 89' lang='lat' dir='ltr'><strong>legitima</strong></span> <span class='ocrx_word' id='word_1_286' title='bbox 838 3334 1179 3393; x_wconf 87' lang='lat' dir='ltr'><strong>auctoritate</strong></span> <span class='ocrx_word' id='word_1_287' title='bbox 1213 3336 1479 3396; x_wconf 69' lang='lat' dir='ltr'><strong>sancitas</strong></span> 
     </span>
    </p>
   </div>
   <div class='ocr_carea' id='block_1_8' title="bbox 407 3428 2433 3519">
    <p class='ocr_par' dir='ltr' id='par_1_9' title="bbox 407 3428 2433 3519">
     <span class='ocr_line' id='line_1_35' title="bbox 407 3428 2433 3519; baseline 0.002 -32"><span class='ocrx_word' id='word_1_288' title='bbox 407 3428 544 3488; x_wconf 85' lang='lat'><strong>319.</strong></span> <span class='ocrx_word' id='word_1_289' title='bbox 572 3432 811 3519; x_wconf 16' lang='lat' dir='ltr'><strong>‘Quarto</strong></span> <span class='ocrx_word' id='word_1_290' title='bbox 852 3441 1136 3510; x_wconf 89' lang='lat' dir='ltr'><strong>coguntur</strong></span> <span class='ocrx_word' id='word_1_291' title='bbox 1176 3430 1509 3492; x_wconf 89' lang='lat' dir='ltr'><strong>Sacerdotes</strong></span> <span class='ocrx_word' id='word_1_292' title='bbox 1560 3432 1826 3493; x_wconf 89' lang='lat' dir='ltr'><strong>catholici</strong></span> <span class='ocrx_word' id='word_1_293' title='bbox 1871 3433 2127 3494; x_wconf 91' lang='lat' dir='ltr'><strong>subsidio</strong></span> <span class='ocrx_word' id='word_1_294' title='bbox 2169 3455 2291 3495; x_wconf 89' lang='lat' dir='ltr'><strong>esse</strong></span> <span class='ocrx_word' id='word_1_295' title='bbox 2334 3435 2433 3493; x_wconf 89' lang='lat' dir='ltr'><strong>Ec-</strong></span> 
     </span>
    </p>
   </div>
   <div class='ocr_carea' id='block_1_9' title="bbox 391 3615 948 3714">
    <p class='ocr_par' dir='ltr' id='par_1_10' title="bbox 391 3615 948 3714">
     <span class='ocr_line' id='line_1_36' title="bbox 391 3615 948 3714; baseline 0.009 -19"><span class='ocrx_word' id='word_1_296' title='bbox 391 3649 452 3712; x_wconf 82' lang='grc' dir='ltr'><strong>(ι)</strong></span> <span class='ocrx_word' id='word_1_297' title='bbox 490 3649 567 3702; x_wconf 77' lang='lat' dir='ltr'><strong>ps.</strong></span> <span class='ocrx_word' id='word_1_298' title='bbox 598 3665 671 3712; x_wconf 74' lang='lat' dir='ltr'><strong>cv,</strong></span> <span class='ocrx_word' id='word_1_299' title='bbox 700 3648 760 3714; x_wconf 81' lang='lat'><strong>37</strong></span> <span class='ocrx_word' id='word_1_300' title='bbox 790 3615 835 3699; x_wconf 57' lang='grc' dir='ltr'><strong>ξι</strong></span> <span class='ocrx_word' id='word_1_301' title='bbox 869 3646 948 3700; x_wconf 83' lang='lat'><strong>38.</strong></span> 
     </span>
    </p>
   </div>
  </div>
 </body>
</html>
