2612 4146
495 196 615 239 cAr.
660 201 726 237 11.
771 201 842 237 nn
883 200 1143 238 omnuim
1187 200 1414 238 numano
1460 202 1527 237 ΒΤ
1569 201 1890 238 mamurii.
2168 181 2241 239 87

141 344 322 402 thaeus
366 342 543 400 XXVI
567 387 584 414 .,
628 342 853 400 Marcus
896 341 1024 400 XIV
1049 387 1065 415 7
1108 343 1284 401 Lucas
1316 342 1478 400 XXII
1505 341 1861 400 unanimiter
1896 351 1955 400 et
1980 353 2243 402 accurate

136 436 496 498 describunt.
527 438 673 516 Ergo
704 436 853 495 solos
887 436 1190 518 Apostolos
1224 436 1561 495 Sacerdotes
1588 435 1852 495 Christus
1875 436 2145 495 instituit.
2172 438 2244 494 Et

137 554 276 593 vero
313 554 327 590 z
361 533 409 591 si
441 532 778 614 imperfecta
821 542 879 591 et
913 553 1091 612 egena
1130 531 1418 591 elementa
1439 577 1455 605 .,
1497 531 1819 610 cujusmodi
1861 553 1932 591 ex
1967 530 2267 612 Apostolo·

137 639 305 688 erant
336 627 474 707 legis
508 638 734 687 naturae
775 648 840 685 ac
869 627 1132 686 mosaicae
1162 626 1483 699 sacrificia,
1526 647 1559 684 a
1597 627 1832 707 proprio
1867 637 1926 685 et
1964 625 2241 708 peculiari

137 724 406 783 Ministro
443 721 637 781 oblata
676 722 950 796 fuerunt„
987 731 1444 781 consentaneum
1472 721 1647 781 etiam
1671 720 2007 794 videbatur,
2045 731 2112 780 ut
2139 722 2246 779 Sa-

138 817 414 876 crificium
438 816 878 876 eucharisticum
899 815 1163 876 omnium
1185 814 1732 896 praestantissimum
1748 818 1985 897 Deoque
2002 815 2245 898 plenum
2291 839 2296 844 ·

137 933 259 970 non
293 911 367 970 ab
406 911 677 970 omnibus
714 910 1219 971 indiscriminatim
1253 907 1561 968 offerretur
1584 953 1599 982 ,
1627 910 1733 968 sed
1760 909 1834 968 ab
1870 912 1941 969 iis
1979 921 2244 986 tantum,

137 1004 346 1086 quibus
380 1005 442 1064 id
481 1006 737 1064 muneris
781 1004 1148 1087 peculiari-ter
1180 1002 1470 1062 tributum
1514 1005 1735 1062 fuisset.
1781 1003 1847 1062 Id
1880 1005 2075 1086 ipsum
2105 1025 2247 1063 con-

137 1101 328 1159 ficitur
369 1123 442 1160 ex
490 1110 775 1182 potestate
812 1100 993 1159 altera
1040 1098 1338 1158 christiani
1369 1097 1682 1158 Sacerdotii
1723 1100 1957 1179 propria
1979 1143 1994 1172 ,
2045 1099 2249 1157 dimit-

139 1195 303 1254 tendi
327 1194 540 1254 scilicet
563 1215 628 1252 ac
649 1194 943 1254 retinendi
965 1205 1194 1275 peccata
1214 1238 1231 1269 ,
1262 1215 1438 1276 quam
1461 1193 1725 1252 Christus
1748 1193 1986 1251 nonnisi
2014 1196 2248 1273 Aposto-

139 1287 207 1347 lis
233 1288 510 1362 contulit,
531 1290 702 1347 Joan.
732 1275 862 1362 XX,
885 1289 996 1347 illis
1019 1287 1213 1349 verbis
1235 1313 1250 1347 :
1273 1291 1542 1368 Accipite
1562 1288 1872 1368 Spiritum
1896 1289 1959 1346 S.
1985 1308 2247 1365 quorum

137 1387 487 1443 remiseritis
512 1396 759 1463 peccata
796 1388 1195 1444 remittuntur
1227 1390 1341 1455 eis,
1376 1395 1434 1444 et
1459 1404 1718 1463 quorum
1748 1385 2126 1442 retinueritis
2150 1403 2248 1440 re-

138 1489 300 1537 tenta
339 1490 517 1548 sunt,
559 1490 626 1537 ut
654 1501 758 1539 suo
790 1478 916 1538 loeo
944 1478 1306 1539 ostendimus
1334 1480 1450 1560 (l).

216 1572 314 1633 32.
360 1573 593 1632 Accedit
641 1573 900 1633 Ecclesiae
937 1576 1115 1633 totius
1155 1575 1496 1650 auctoritaS‚
1532 1595 1662 1655 quae
1693 1572 2006 1634 universali
2039 1583 2100 1630 et
2129 1592 2246 1652 pu-

134 1665 287 1726 blico
312 1689 420 1727 usu
447 1690 679 1751 semper
703 1681 825 1728 tam
853 1680 1191 1728 constanter
1214 1669 1505 1744 ostendit,
1535 1668 1933 1728 Sacerdotium
1959 1689 1990 1725 a
2018 1666 2253 1725 Christo⁴

131 1761 416 1823 tributum
456 1764 741 1847 Apostolis
779 1765 912 1824 solis
949 1765 1159 1839 fuisse,
1199 1776 1261 1825 et
1296 1764 1370 1823 ab
1407 1765 1545 1847 ipsis
1580 1763 1853 1845 deinceps
1885 1764 1947 1820 in
1975 1784 2072 1821 eos
2110 1773 2246 1820 tan-

134 1867 261 1916 tum
299 1858 663 1918 descendisse
691 1904 708 1934 .,
754 1861 854 1941 qui
896 1859 969 1919 ab
1016 1860 1221 1919 iisdem
1251 1859 1538 1941 Apostolis
1582 1850 1740 1918 certo
1783 1858 1987 1916 ordine
2030 1868 2090 1916 et
2131 1857 2249 1914 ritu

134 1951 344 2010 initiati
374 1953 645 2028 fuissent,
679 1964 747 2012 ut
784 1977 1122 2036 nunquam,
1159 1976 1236 2013 ne
1278 1956 1551 2015 saeviente
1586 1953 1825 2035 quidem
1863 1964 2249 2032 tyrannorum

135 2049 560 2126 persecutione,
585 2052 936 2131 permiserit,
966 2063 1030 2109 ut
1049 2096 1064 2122 ,
1096 2051 1196 2132 qui
1231 2050 1565 2111 Sacerdotes
1599 2071 1721 2109 non
1752 2059 1976 2122 essent,
2016 2051 2147 2125 jura
2190 2058 2250 2107 et

137 2141 318 2200 officia
370 2144 681 2204 Sacerdotii
726 2147 963 2228 propria
1011 2146 1124 2204 sibi
1172 2156 1527 2225 arrogarent.
1583 2145 1668 2203 Ex
1715 2143 1988 2202 Patribus
2039 2142 2251 2221 integri

137 2236 504 2297 exscribendi
526 2252 719 2299 essent
736 2252 1041 2314 tractatuS,
1059 2240 1159 2322 qui
1178 2240 1330 2299 hanc
1351 2241 1656 2301 veritatem
1678 2240 2047 2297 confirmant.
2069 2235 2249 2295 Nobis

138 2345 443 2413 propterea
467 2336 601 2395 satis
624 2338 699 2396 sit
721 2336 1074 2414 describere,
1097 2358 1225 2418 quae
1249 2338 1308 2396 S.
1335 2338 1371 2397 J
1375 2358 1505 2395 oan.
1525 2336 1998 2415 ChrysostomuS‚
2028 2336 2116 2392 De
2137 2336 2251 2392 Sa-

139 2429 389 2488 cerdotio
412 2429 514 2488 lib.
538 2432 639 2507 111,
659 2431 868 2492 habet:
895 2433 1309 2492 Sacerdotium
1332 2436 1494 2490 enim
1523 2435 1590 2489 in
1619 2442 1783 2489 terra
1810 2431 2052 2508 quidem
2076 2449 2252 2507 pera-

136 2524 340 2599 9itur,
373 2515 476 2582 sed
507 2528 824 2584 coelestium
858 2530 1147 2586 ordinum
1184 2529 1428 2586 classem
1462 2528 1715 2596 obtinet,
1750 2535 1806 2582 et
1827 2529 1979 2603 jure
2008 2523 2251 2601 quidem

143 2620 370 2676 merito.
410 2618 552 2678 Non
581 2624 742 2678 enim
777 2616 976 2690 homo,
1009 2642 1129 2679 non
1159 2622 1460 2700 Anyelus,
1494 2641 1615 2679 non
1650 2619 2096 2697 Archanyelus,
2129 2638 2252 2675 ‘non

141 2711 271 2768 alia
299 2720 600 2792 quaepiam
635 2725 833 2774 creata
862 2726 1161 2795 potestas,·
1197 2717 1300 2773 sea'
1322 2720 1446 2794 ipse
1479 2715 1836 2773 Paracletus
1867 2714 1971 2772 Ιιοο
1999 2713 2252 2790 officium

143 2808 483 2879 ordinavit,
513 2815 625 2890 qui
643 2812 1033 2870 manentibus
1063 2815 1134 2870 in
1167 2831 1350 2870 carue
1375 2821 1589 2869 auctor
1611 2813 1763 2888 fuit,
1791 2819 1861 2867 ut
1885 2809 2250 2888 Angelorum

144 2903 561 2964 Ministerium
596 2909 805 2965 animo
837 2911 1217 2986 conciperent
1242 2905 1354 2986 (2).
1395 2906 1504 2978 Qui
1536 2904 1744 2965 exinde
1781 2904 2105 2978 concludit,
2148 2905 2253 2960 Sa-

146 2997 401 3060 cerdotes
437 2999 666 3080 Angelis
708 3002 878 3083 ipsis7
925 3000 1143 3062 nedum
1191 2999 1550 3083 principibus
1591 3021 1657 3059 ac
1703 2998 1933 3080 regibus
1974 2998 2251 3077 dignitate

147 3103 432 3169 praestare.
1198 3123 1201 3124 ⁷

211 3339 276 3402 (1)
312 3338 461 3389 Tract.
491 3340 558 3391 De
586 3343 767 3392 Poem't.
810 3361 857 3390 n.
887 3341 920 3406 4
955 3353 999 3391 et
1021 3360 1152 3409 seqq.
1241 3343 1315 3391 οὔκ
1329 3337 1460 3408 {aad
1483 3362 1552 3394 τις
1572 3336 1739 3396 »raet-21*
1761 3335 1968 3401 δυνάμιας,
1993 3339 2102 3385 ἄλλ’
2122 3334 2263 3386 αὖα-ὂς

210 3418 272 3481 (2)
307 3421 360 3469 ‘H
397 3418 482 3487 γιὲρ
509 3423 705 3489 ἱερωσύνη
739 3425 939 3475 τελεῖται
971 3421 1051 3487 μὲν
1082 3422 1153 3473 ἐπὶ
1239 3422 1567 3490 ‹incipiam-roe
1587 3421 1748 3476 ταύτην
1778 3417 2022 3481 διετάξατο
2048 3415 2123 3474 τεῒν
2151 3421 2257 3467 οἱκο-

142 3507 221 3556 τῆς
252 3507 366 3564 γῆς,
395 3503 522 3565 veizu
551 3504 606 3554 δι’
640 3504 886 3573 ἐπουρανίων
917 3503 1015 3569 ’ἔχει
1035 3529 1154 3567 τοιγ-
1236 3506 1454 3569 λουθιάν,
1490 3505 1566 3556 καὶ
1601 3504 1666 3554 ἵτι
1696 3502 1908 3567 peiren-ruf
1946 3505 1983 3552 ἔν
2009 3500 2139 3570 σαρκὶ
2184 3498 2258 3555 ‘miv

141 3582 310 3647 μάτων·
342 3581 419 3633 καὶ
447 3585 582 3647 μάλα
605 3609 660 3648 γε
694 3587 885 3644 εἷκὸτας·
907 3592 952 3640 ov'
970 3587 1059 3657 ’γοῖρ
1079 3586 1153 3639 ἕν·
1234 3596 1314 3641 τᾶν
1342 3589 1556 3651 ἄγγε’λον
1583 3585 1733 3637 ἵσταο-ε
1763 3584 2067 3655 φαντᾴζεσθοιι
2105 3584 2262 3634 διοικο-

144 3670 344 3731 θρωπος,
382 3669 455 3716 οὔκ
480 3664 708 3731 ἅγγελος,
730 3672 802 3719 οὔκ
820 3671 1118 3737 κ’ρχοίγγιλος
1134 3711 1147 3733 ,
1235 3671 1341 3723 νιόιν.
1377 3672 1501 3721 Edit.
1531 3671 1681 3720 Maur.
1703 3657 1817 3721 iom.
1849 3684 1867 3718 1
1883 3707 1898 3732 ‚
1925 3687 2028 3735 pag·
2058 3666 2175 3717 382.
