<?xml version="1.0" encoding="UTF-8"?>
<!DOCTYPE html PUBLIC "-//W3C//DTD XHTML 1.0 Transitional//EN"
    "http://www.w3.org/TR/xhtml1/DTD/xhtml1-transitional.dtd">
<html xmlns="http://www.w3.org/1999/xhtml" xml:lang="en" lang="en">
 <head>
  <title>
</title>
<meta http-equiv="Content-Type" content="text/html;charset=utf-8" />
  <meta name='ocr-system' content='tesseract 3.04.00' />
  <meta name='ocr-capabilities' content='ocr_page ocr_carea ocr_par ocr_line ocrx_word'/>
</head>
<body>
  <div class='ocr_page' id='page_1' title='image "a603693807perruoft_0204.png"; bbox 0 0 2508 4120; ppageno 0'>
   <div class='ocr_carea' id='block_1_1' title="bbox 328 139 442 199">
    <p class='ocr_par' dir='ltr' id='par_1_1' title="bbox 328 139 442 199">
     <span class='ocr_line' id='line_1_1' title="bbox 328 139 442 199; baseline 0 -1"><span class='ocrx_word' id='word_1_1' title='bbox 328 139 442 199; x_wconf 86' lang='lat'>196</span> 
     </span>
    </p>
   </div>
   <div class='ocr_carea' id='block_1_2' title="bbox 1055 150 1756 194">
    <p class='ocr_par' dir='ltr' id='par_1_2' title="bbox 1055 150 1756 194">
     <span class='ocr_line' id='line_1_2' title="bbox 1055 150 1756 194; baseline 0.004 -3"><span class='ocrx_word' id='word_1_2' title='bbox 1055 151 1378 194; x_wconf 75' lang='lat' dir='ltr'>TRAGTATUS</span> <span class='ocrx_word' id='word_1_3' title='bbox 1422 155 1491 191; x_wconf 77' lang='lat' dir='ltr'>DE</span> <span class='ocrx_word' id='word_1_4' title='bbox 1530 150 1756 194; x_wconf 69' lang='lat' dir='ltr'>Onnum.</span> 
     </span>
    </p>
   </div>
   <div class='ocr_carea' id='block_1_3' title="bbox 306 286 2454 1433">
    <p class='ocr_par' dir='ltr' id='par_1_3' title="bbox 306 286 2454 1433">
     <span class='ocr_line' id='line_1_3' title="bbox 405 286 2451 382; baseline -0.002 -18"><span class='ocrx_word' id='word_1_5' title='bbox 405 305 546 363; x_wconf 82' lang='lat'>236.</span> <span class='ocrx_word' id='word_1_6' title='bbox 595 300 686 360; x_wconf 90' lang='lat' dir='ltr'>Ad</span> <span class='ocrx_word' id='word_1_7' title='bbox 727 299 849 370; x_wconf 62' lang='lat'>2¹¹2,</span> <span class='ocrx_word' id='word_1_8' title='bbox 902 297 1052 377; x_wconf 70' lang='lat' dir='ltr'>Ney.</span> <span class='ocrx_word' id='word_1_9' title='bbox 1104 286 1443 355; x_wconf 33' lang='lat' dir='ltr'>Theore&#39;tica</span> <span class='ocrx_word' id='word_1_10' title='bbox 1489 296 1780 378; x_wconf 86' lang='lat' dir='ltr'>siquidem</span> <span class='ocrx_word' id='word_1_11' title='bbox 1820 296 1943 357; x_wconf 88' lang='lat' dir='ltr'>haec</span> <span class='ocrx_word' id='word_1_12' title='bbox 1983 301 2301 382; x_wconf 63' lang='lat' dir='ltr'>principia,</span> <span class='ocrx_word' id='word_1_13' title='bbox 2350 321 2451 360; x_wconf 86' lang='lat' dir='ltr'>seu</span> 
     </span>
     <span class='ocr_line' id='line_1_4' title="bbox 323 391 2454 482; baseline 0 -25"><span class='ocrx_word' id='word_1_14' title='bbox 323 399 515 482; x_wconf 87' lang='lat' dir='ltr'>potius</span> <span class='ocrx_word' id='word_1_15' title='bbox 540 392 969 473; x_wconf 82' lang='lat' dir='ltr'>imaginationis</span> <span class='ocrx_word' id='word_1_16' title='bbox 1009 401 1177 451; x_wconf 87' lang='lat' dir='ltr'>aestus</span> <span class='ocrx_word' id='word_1_17' title='bbox 1205 413 1270 450; x_wconf 87' lang='lat' dir='ltr'>ac</span> <span class='ocrx_word' id='word_1_18' title='bbox 1298 392 1519 452; x_wconf 82' lang='lat' dir='ltr'>somnia</span> <span class='ocrx_word' id='word_1_19' title='bbox 1543 437 1560 466; x_wconf 76' lang='grc'><em>,</em></span> <span class='ocrx_word' id='word_1_20' title='bbox 1595 391 1954 474; x_wconf 81' lang='lat' dir='ltr'>experientia</span> <span class='ocrx_word' id='word_1_21' title='bbox 1988 397 2324 474; x_wconf 88' lang='lat' dir='ltr'>quotidiana</span> <span class='ocrx_word' id='word_1_22' title='bbox 2347 419 2454 456; x_wconf 88' lang='lat' dir='ltr'>re-</span> 
     </span>
     <span class='ocr_line' id='line_1_5' title="bbox 320 486 2453 575; baseline 0 -25"><span class='ocrx_word' id='word_1_23' title='bbox 320 492 506 575; x_wconf 83' lang='lat' dir='ltr'>pellit.</span> <span class='ocrx_word' id='word_1_24' title='bbox 538 488 738 549; x_wconf 91' lang='lat' dir='ltr'>Nullos</span> <span class='ocrx_word' id='word_1_25' title='bbox 780 486 1070 569; x_wconf 90' lang='lat' dir='ltr'>siquidem</span> <span class='ocrx_word' id='word_1_26' title='bbox 1115 486 1404 546; x_wconf 89' lang='lat' dir='ltr'>fideliores</span> <span class='ocrx_word' id='word_1_27' title='bbox 1441 486 1704 546; x_wconf 89' lang='lat' dir='ltr'>subditos</span> <span class='ocrx_word' id='word_1_28' title='bbox 1738 488 2032 570; x_wconf 81' lang='lat' dir='ltr'>principes</span> <span class='ocrx_word' id='word_1_29' title='bbox 2073 493 2453 571; x_wconf 87' lang='lat' dir='ltr'>experiuntur</span> 
     </span>
     <span class='ocr_line' id='line_1_6' title="bbox 321 583 2453 668; baseline 0.001 -23"><span class='ocrx_word' id='word_1_30' title='bbox 321 609 497 668; x_wconf 88' lang='lat' dir='ltr'>quam</span> <span class='ocrx_word' id='word_1_31' title='bbox 528 585 787 645; x_wconf 80' lang='lat' dir='ltr'>Ecclesiae</span> <span class='ocrx_word' id='word_1_32' title='bbox 817 584 1109 644; x_wconf 81' lang='lat' dir='ltr'>catholicae</span> <span class='ocrx_word' id='word_1_33' title='bbox 1147 585 1464 642; x_wconf 81' lang='lat' dir='ltr'>ministros,</span> <span class='ocrx_word' id='word_1_34' title='bbox 1503 584 1616 665; x_wconf 88' lang='lat' dir='ltr'>Ipsi</span> <span class='ocrx_word' id='word_1_35' title='bbox 1655 595 1721 642; x_wconf 92' lang='lat' dir='ltr'>ut</span> <span class='ocrx_word' id='word_1_36' title='bbox 1750 583 2072 666; x_wconf 81' lang='lat' dir='ltr'>plurimum</span> <span class='ocrx_word' id='word_1_37' title='bbox 2106 586 2305 666; x_wconf 86' lang='lat' dir='ltr'>primae</span> <span class='ocrx_word' id='word_1_38' title='bbox 2331 590 2453 650; x_wconf 89' lang='lat' dir='ltr'>vic-</span> 
     </span>
     <span class='ocr_line' id='line_1_7' title="bbox 316 669 2450 759; baseline 0 -18"><span class='ocrx_word' id='word_1_39' title='bbox 316 684 475 742; x_wconf 78' lang='lat' dir='ltr'>timae</span> <span class='ocrx_word' id='word_1_40' title='bbox 511 692 649 740; x_wconf 91' lang='lat' dir='ltr'>sunt</span> <span class='ocrx_word' id='word_1_41' title='bbox 686 669 997 740; x_wconf 85' lang='lat' dir='ltr'>rebellium</span> <span class='ocrx_word' id='word_1_42' title='bbox 1026 678 1291 738; x_wconf 90' lang='lat' dir='ltr'>civilium</span> <span class='ocrx_word' id='word_1_43' title='bbox 1329 689 1598 737; x_wconf 85' lang='lat' dir='ltr'>motuum</span> <span class='ocrx_word' id='word_1_44' title='bbox 1623 725 1638 751; x_wconf 63' lang='lat'><em>7</em></span> <span class='ocrx_word' id='word_1_45' title='bbox 1679 700 1823 759; x_wconf 86' lang='lat' dir='ltr'>quos</span> <span class='ocrx_word' id='word_1_46' title='bbox 1860 680 2115 738; x_wconf 82' lang='lat' dir='ltr'>excitant</span> <span class='ocrx_word' id='word_1_47' title='bbox 2154 679 2450 742; x_wconf 87' lang='lat' dir='ltr'>liberiores</span> 
     </span>
     <span class='ocr_line' id='line_1_8' title="bbox 317 774 2453 857; baseline -0 -20"><span class='ocrx_word' id='word_1_48' title='bbox 317 778 618 852; x_wconf 67' lang='lat' dir='ltr'>lioniineS‚</span> <span class='ocrx_word' id='word_1_49' title='bbox 650 777 736 835; x_wconf 93' lang='lat' dir='ltr'>uti</span> <span class='ocrx_word' id='word_1_50' title='bbox 772 798 843 835; x_wconf 79' lang='lat' dir='ltr'>ex</span> <span class='ocrx_word' id='word_1_51' title='bbox 880 774 1129 857; x_wconf 89' lang='lat' dir='ltr'>publicis</span> <span class='ocrx_word' id='word_1_52' title='bbox 1168 774 1534 833; x_wconf 85' lang='lat' dir='ltr'>documentis</span> <span class='ocrx_word' id='word_1_53' title='bbox 1566 785 1934 855; x_wconf 87' lang='lat' dir='ltr'>compertum</span> <span class='ocrx_word' id='word_1_54' title='bbox 1964 786 2070 834; x_wconf 89' lang='lat' dir='ltr'>est.</span> <span class='ocrx_word' id='word_1_55' title='bbox 2102 777 2243 849; x_wconf 81' lang='lat' dir='ltr'>Quae</span> <span class='ocrx_word' id='word_1_56' title='bbox 2279 798 2453 857; x_wconf 89' lang='lat' dir='ltr'>porro</span> 
     </span>
     <span class='ocr_line' id='line_1_9' title="bbox 318 870 2453 951; baseline -0.001 -17"><span class='ocrx_word' id='word_1_57' title='bbox 318 873 392 934; x_wconf 90' lang='lat' dir='ltr'>ab</span> <span class='ocrx_word' id='word_1_58' title='bbox 431 873 774 934; x_wconf 87' lang='lat' dir='ltr'>adversariis</span> <span class='ocrx_word' id='word_1_59' title='bbox 802 871 1158 949; x_wconf 80' lang='lat' dir='ltr'>obJ&#39;iciuntur</span> <span class='ocrx_word' id='word_1_60' title='bbox 1179 916 1194 944; x_wconf 70' lang='lat'>‚</span> <span class='ocrx_word' id='word_1_61' title='bbox 1229 891 1294 929; x_wconf 89' lang='lat' dir='ltr'>ea</span> <span class='ocrx_word' id='word_1_62' title='bbox 1323 891 1558 951; x_wconf 89' lang='lat' dir='ltr'>prorsus</span> <span class='ocrx_word' id='word_1_63' title='bbox 1588 881 1726 927; x_wconf 92' lang='lat' dir='ltr'>sunt</span> <span class='ocrx_word' id='word_1_64' title='bbox 1752 890 1879 950; x_wconf 81' lang='lat' dir='ltr'>quae</span> <span class='ocrx_word' id='word_1_65' title='bbox 1914 872 2095 951; x_wconf 81' lang='lat' dir='ltr'>magis</span> <span class='ocrx_word' id='word_1_66' title='bbox 2126 870 2453 931; x_wconf 87' lang='lat' dir='ltr'>caelibatum</span> 
     </span>
     <span class='ocr_line' id='line_1_10' title="bbox 318 964 2454 1045; baseline -0.001 -16"><span class='ocrx_word' id='word_1_67' title='bbox 318 968 706 1029; x_wconf 82' lang='lat' dir='ltr'>excolendum</span> <span class='ocrx_word' id='word_1_68' title='bbox 738 967 1006 1026; x_wconf 82' lang='lat' dir='ltr'>suadent.</span> <span class='ocrx_word' id='word_1_69' title='bbox 1047 966 1246 1045; x_wconf 81' lang='lat' dir='ltr'>Agitur</span> <span class='ocrx_word' id='word_1_70' title='bbox 1279 966 1438 1024; x_wconf 89' lang='lat' dir='ltr'>enim</span> <span class='ocrx_word' id='word_1_71' title='bbox 1481 964 1554 1024; x_wconf 92' lang='lat' dir='ltr'>de</span> <span class='ocrx_word' id='word_1_72' title='bbox 1589 964 1851 1024; x_wconf 82' lang='lat' dir='ltr'>Ecclesiae</span> <span class='ocrx_word' id='word_1_73' title='bbox 1884 964 2151 1025; x_wconf 86' lang='lat' dir='ltr'>libertate</span> <span class='ocrx_word' id='word_1_74' title='bbox 2179 988 2244 1025; x_wconf 89' lang='lat' dir='ltr'>ac</span> <span class='ocrx_word' id='word_1_75' title='bbox 2279 967 2454 1027; x_wconf 90' lang='lat' dir='ltr'>inde-</span> 
     </span>
     <span class='ocr_line' id='line_1_11' title="bbox 316 1059 2453 1145; baseline -0 -22"><span class='ocrx_word' id='word_1_76' title='bbox 316 1062 674 1145; x_wconf 69' lang='lat' dir='ltr'>pendenti33</span> <span class='ocrx_word' id='word_1_77' title='bbox 712 1062 974 1143; x_wconf 87' lang='lat' dir='ltr'>alioquin</span> <span class='ocrx_word' id='word_1_78' title='bbox 1003 1059 1287 1120; x_wconf 84' lang='lat' dir='ltr'>Catholici</span> <span class='ocrx_word' id='word_1_79' title='bbox 1315 1059 1562 1143; x_wconf 88' lang='lat' dir='ltr'>perinde</span> <span class='ocrx_word' id='word_1_80' title='bbox 1595 1081 1661 1119; x_wconf 90' lang='lat' dir='ltr'>ac</span> <span class='ocrx_word' id='word_1_81' title='bbox 1686 1062 2082 1120; x_wconf 78' lang='lat' dir='ltr'>protestantes</span> <span class='ocrx_word' id='word_1_82' title='bbox 2106 1060 2453 1140; x_wconf 75' lang='lat' dir='ltr'>suinceren-</span> 
     </span>
     <span class='ocr_line' id='line_1_12' title="bbox 306 1155 2450 1238; baseline -0.001 -18"><span class='ocrx_word' id='word_1_83' title='bbox 306 1171 413 1220; x_wconf 49' lang='lat' dir='ltr'>:tur</span> <span class='ocrx_word' id='word_1_84' title='bbox 465 1160 626 1219; x_wconf 87' lang='lat' dir='ltr'>durae</span> <span class='ocrx_word' id='word_1_85' title='bbox 666 1157 1056 1218; x_wconf 86' lang='lat' dir='ltr'>dominationi</span> <span class='ocrx_word' id='word_1_86' title='bbox 1100 1157 1281 1218; x_wconf 87' lang='lat' dir='ltr'>civilis</span> <span class='ocrx_word' id='word_1_87' title='bbox 1330 1157 1665 1235; x_wconf 72' lang='lat' dir='ltr'>regimini33</span> <span class='ocrx_word' id='word_1_88' title='bbox 1722 1155 1795 1214; x_wconf 91' lang='lat' dir='ltr'>ab</span> <span class='ocrx_word' id='word_1_89' title='bbox 1842 1156 1967 1238; x_wconf 88' lang='lat' dir='ltr'>ipsa</span> <span class='ocrx_word' id='word_1_90' title='bbox 2013 1156 2342 1238; x_wconf 88' lang='lat' dir='ltr'>penderent</span> <span class='ocrx_word' id='word_1_91' title='bbox 2387 1158 2450 1217; x_wconf 89' lang='lat' dir='ltr'>in</span> 
     </span>
     <span class='ocr_line' id='line_1_13' title="bbox 319 1250 2452 1337; baseline -0.001 -21"><span class='ocrx_word' id='word_1_92' title='bbox 319 1257 589 1337; x_wconf 80' lang='lat' dir='ltr'>dogmate</span> <span class='ocrx_word' id='word_1_93' title='bbox 610 1301 625 1330; x_wconf 60' lang='lat'><em>7</em></span> <span class='ocrx_word' id='word_1_94' title='bbox 656 1254 886 1332; x_wconf 85' lang='lat' dir='ltr'>liturgia</span> <span class='ocrx_word' id='word_1_95' title='bbox 919 1264 980 1313; x_wconf 91' lang='lat' dir='ltr'>et</span> <span class='ocrx_word' id='word_1_96' title='bbox 1007 1252 1333 1334; x_wconf 87' lang='lat' dir='ltr'>disciplina.</span> <span class='ocrx_word' id='word_1_97' title='bbox 1375 1253 1511 1311; x_wconf 86' lang='lat' dir='ltr'>Sine</span> <span class='ocrx_word' id='word_1_98' title='bbox 1551 1250 1816 1311; x_wconf 83' lang='lat' dir='ltr'>caelibatu</span> <span class='ocrx_word' id='word_1_99' title='bbox 1856 1252 1952 1312; x_wconf 83' lang='lat' dir='ltr'>vix</span> <span class='ocrx_word' id='word_1_100' title='bbox 1988 1263 2183 1311; x_wconf 84' lang='lat' dir='ltr'>actum</span> <span class='ocrx_word' id='word_1_101' title='bbox 2208 1275 2330 1311; x_wconf 91' lang='lat' dir='ltr'>non</span> <span class='ocrx_word' id='word_1_102' title='bbox 2357 1275 2452 1314; x_wconf 86' lang='lat' dir='ltr'>es-</span> 
     </span>
     <span class='ocr_line' id='line_1_14' title="bbox 319 1346 2450 1433; baseline -0.003 -20"><span class='ocrx_word' id='word_1_103' title='bbox 319 1364 403 1413; x_wconf 83' lang='lat' dir='ltr'>set</span> <span class='ocrx_word' id='word_1_104' title='bbox 431 1351 504 1411; x_wconf 92' lang='lat' dir='ltr'>de</span> <span class='ocrx_word' id='word_1_105' title='bbox 530 1352 654 1433; x_wconf 87' lang='lat' dir='ltr'>ipsa</span> <span class='ocrx_word' id='word_1_106' title='bbox 678 1348 941 1409; x_wconf 80' lang='lat' dir='ltr'>Ecclesiae</span> <span class='ocrx_word' id='word_1_107' title='bbox 980 1346 1355 1408; x_wconf 83' lang='lat' dir='ltr'>subsistentia</span> <span class='ocrx_word' id='word_1_108' title='bbox 1385 1348 1494 1427; x_wconf 85' lang='lat' dir='ltr'>(l).</span> <span class='ocrx_word' id='word_1_109' title='bbox 1527 1347 1583 1406; x_wconf 88' lang='lat' dir='ltr'>Si</span> <span class='ocrx_word' id='word_1_110' title='bbox 1607 1347 1727 1406; x_wconf 90' lang='lat' dir='ltr'>solo</span> <span class='ocrx_word' id='word_1_111' title='bbox 1751 1368 1815 1406; x_wconf 88' lang='lat' dir='ltr'>ac</span> <span class='ocrx_word' id='word_1_112' title='bbox 1839 1348 2040 1429; x_wconf 85' lang='lat' dir='ltr'>patriae</span> <span class='ocrx_word' id='word_1_113' title='bbox 2076 1368 2182 1429; x_wconf 89' lang='lat' dir='ltr'>per</span> <span class='ocrx_word' id='word_1_114' title='bbox 2207 1370 2450 1408; x_wconf 85' lang='lat' dir='ltr'>uxorem</span> 
     </span>
    </p>
   </div>
   <div class='ocr_carea' id='block_1_4' title="bbox 313 1598 1341 3629">
    <p class='ocr_par' dir='ltr' id='par_1_4' title="bbox 313 1598 1341 3629">
     <span class='ocr_line' id='line_1_15' title="bbox 319 1598 1339 1662; baseline -0.003 -15"><span class='ocrx_word' id='word_1_115' title='bbox 319 1598 747 1648; x_wconf 81' lang='lat' dir='ltr'>Protestantismum</span> <span class='ocrx_word' id='word_1_116' title='bbox 771 1598 994 1646; x_wconf 86' lang='lat' dir='ltr'>deficiunt</span> <span class='ocrx_word' id='word_1_117' title='bbox 1012 1635 1024 1656; x_wconf 82' lang='lat'>‚</span> <span class='ocrx_word' id='word_1_118' title='bbox 1043 1600 1122 1662; x_wconf 81' lang='lat' dir='ltr'>qui</span> <span class='ocrx_word' id='word_1_119' title='bbox 1149 1612 1339 1644; x_wconf 86' lang='lat' dir='ltr'>uxorem</span> 
     </span>
     <span class='ocr_line' id='line_1_16' title="bbox 320 1679 1337 1744; baseline -0.003 -15"><span class='ocrx_word' id='word_1_120' title='bbox 320 1691 400 1729; x_wconf 82' lang='lat' dir='ltr'>aut</span> <span class='ocrx_word' id='word_1_121' title='bbox 420 1683 576 1729; x_wconf 86' lang='lat' dir='ltr'>statim</span> <span class='ocrx_word' id='word_1_122' title='bbox 606 1691 689 1728; x_wconf 88' lang='lat' dir='ltr'>aut</span> <span class='ocrx_word' id='word_1_123' title='bbox 715 1679 852 1744; x_wconf 83' lang='lat' dir='ltr'>paulo</span> <span class='ocrx_word' id='word_1_124' title='bbox 879 1688 981 1743; x_wconf 87' lang='lat' dir='ltr'>post</span> <span class='ocrx_word' id='word_1_125' title='bbox 1000 1696 1099 1726; x_wconf 87' lang='lat' dir='ltr'>non</span> <span class='ocrx_word' id='word_1_126' title='bbox 1121 1679 1337 1735; x_wconf 87' lang='lat' dir='ltr'>duxerit,</span> 
     </span>
     <span class='ocr_line' id='line_1_17' title="bbox 319 1758 1341 1827; baseline -0.001 -17"><span class='ocrx_word' id='word_1_127' title='bbox 319 1765 414 1810; x_wconf 90' lang='lat' dir='ltr'>imo</span> <span class='ocrx_word' id='word_1_128' title='bbox 441 1779 562 1826; x_wconf 87' lang='lat' dir='ltr'>saepe</span> <span class='ocrx_word' id='word_1_129' title='bbox 587 1758 683 1827; x_wconf 83' lang='lat' dir='ltr'>jam</span> <span class='ocrx_word' id='word_1_130' title='bbox 713 1762 832 1808; x_wconf 85' lang='lat' dir='ltr'>filios</span> <span class='ocrx_word' id='word_1_131' title='bbox 847 1778 944 1808; x_wconf 87' lang='lat' dir='ltr'>non</span> <span class='ocrx_word' id='word_1_132' title='bbox 967 1763 1216 1825; x_wconf 81' lang='lat' dir='ltr'>susceperit</span> <span class='ocrx_word' id='word_1_133' title='bbox 1237 1772 1341 1809; x_wconf 85' lang='lat' dir='ltr'>ante</span> 
     </span>
     <span class='ocr_line' id='line_1_18' title="bbox 324 1842 1341 1907; baseline -0.002 -15"><span class='ocrx_word' id='word_1_134' title='bbox 324 1844 651 1892; x_wconf 86' lang='lat' dir='ltr'>defectionem.</span> <span class='ocrx_word' id='word_1_135' title='bbox 682 1842 940 1890; x_wconf 82' lang='lat' dir='ltr'>Novissima</span> <span class='ocrx_word' id='word_1_136' title='bbox 970 1842 1211 1906; x_wconf 84' lang='lat' dir='ltr'>exempla,</span> <span class='ocrx_word' id='word_1_137' title='bbox 1240 1860 1341 1907; x_wconf 87' lang='lat' dir='ltr'>quae</span> 
     </span>
     <span class='ocr_line' id='line_1_19' title="bbox 318 1924 1338 1986; baseline -0.003 -11"><span class='ocrx_word' id='word_1_138' title='bbox 318 1928 568 1975; x_wconf 86' lang='lat' dir='ltr'>habuimus</span> <span class='ocrx_word' id='word_1_139' title='bbox 598 1928 648 1974; x_wconf 90' lang='lat' dir='ltr'>in</span> <span class='ocrx_word' id='word_1_140' title='bbox 675 1924 920 1973; x_wconf 83' lang='lat' dir='ltr'>Germania</span> <span class='ocrx_word' id='word_1_141' title='bbox 940 1935 984 1973; x_wconf 90' lang='lat' dir='ltr'>et</span> <span class='ocrx_word' id='word_1_142' title='bbox 1015 1928 1065 1971; x_wconf 91' lang='lat' dir='ltr'>in</span> <span class='ocrx_word' id='word_1_143' title='bbox 1101 1924 1338 1986; x_wconf 80' lang='lat' dir='ltr'>Helvetia,</span> 
     </span>
     <span class='ocr_line' id='line_1_20' title="bbox 318 2006 1339 2058; baseline -0.002 -2"><span class='ocrx_word' id='word_1_144' title='bbox 318 2010 680 2058; x_wconf 82' lang='lat' dir='ltr'>idconfirmant.</span> <span class='ocrx_word' id='word_1_145' title='bbox 709 2007 807 2056; x_wconf 84' lang='lat' dir='ltr'>Cfr.</span> <span class='ocrx_word' id='word_1_146' title='bbox 830 2006 883 2053; x_wconf 91' lang='lat' dir='ltr'>Il</span> <span class='ocrx_word' id='word_1_147' title='bbox 904 2006 1136 2054; x_wconf 78' lang='lat' dir='ltr'>Cattolico</span> <span class='ocrx_word' id='word_1_148' title='bbox 1165 2007 1339 2054; x_wconf 71' lang='lat' dir='ltr'><em>012·ch-</em></span> 
     </span>
     <span class='ocr_line' id='line_1_21' title="bbox 316 2086 1339 2156; baseline -0.001 -17"><span class='ocrx_word' id='word_1_149' title='bbox 316 2108 472 2156; x_wconf 82' lang='lat' dir='ltr'>9ano,</span> <span class='ocrx_word' id='word_1_150' title='bbox 507 2088 571 2138; x_wconf 82' lang='lat'>28</span> <span class='ocrx_word' id='word_1_151' title='bbox 604 2090 714 2138; x_wconf 89' lang='lat' dir='ltr'>Feb.</span> <span class='ocrx_word' id='word_1_152' title='bbox 757 2086 900 2137; x_wconf 83' lang='lat'>1838.</span> <span class='ocrx_word' id='word_1_153' title='bbox 921 2088 1040 2137; x_wconf 82' lang='lat' dir='ltr'>Sane</span> <span class='ocrx_word' id='word_1_154' title='bbox 1076 2092 1165 2136; x_wconf 90' lang='lat' dir='ltr'>nisi</span> <span class='ocrx_word' id='word_1_155' title='bbox 1193 2090 1339 2138; x_wconf 91' lang='lat' dir='ltr'>libido</span> 
     </span>
     <span class='ocr_line' id='line_1_22' title="bbox 320 2172 1338 2236; baseline -0.004 -13"><span class='ocrx_word' id='word_1_156' title='bbox 320 2190 483 2223; x_wconf 87' lang='lat' dir='ltr'>eorum</span> <span class='ocrx_word' id='word_1_157' title='bbox 531 2182 705 2221; x_wconf 80' lang='lat' dir='ltr'>mentes</span> <span class='ocrx_word' id='word_1_158' title='bbox 748 2181 1007 2219; x_wconf 82' lang='lat' dir='ltr'>excaecasset</span> <span class='ocrx_word' id='word_1_159' title='bbox 1042 2207 1055 2230; x_wconf 91' lang='lat'>,</span> <span class='ocrx_word' id='word_1_160' title='bbox 1104 2172 1338 2236; x_wconf 91' lang='lat' dir='ltr'>quomodo</span> 
     </span>
     <span class='ocr_line' id='line_1_23' title="bbox 320 2253 1336 2320; baseline -0.004 -17"><span class='ocrx_word' id='word_1_161' title='bbox 320 2258 581 2320; x_wconf 88' lang='lat' dir='ltr'>potuissent</span> <span class='ocrx_word' id='word_1_162' title='bbox 609 2253 861 2301; x_wconf 81' lang='lat' dir='ltr'>absurdum</span> <span class='ocrx_word' id='word_1_163' title='bbox 903 2253 1336 2300; x_wconf 74' lang='lat' dir='ltr'>protestantismum</span> 
     </span>
     <span class='ocr_line' id='line_1_24' title="bbox 316 2334 1336 2403; baseline 0 -19"><span class='ocrx_word' id='word_1_164' title='bbox 316 2339 532 2403; x_wconf 87' lang='lat' dir='ltr'>praeferre</span> <span class='ocrx_word' id='word_1_165' title='bbox 561 2337 773 2402; x_wconf 84' lang='lat' dir='ltr'>religioni</span> <span class='ocrx_word' id='word_1_166' title='bbox 808 2335 1078 2383; x_wconf 79' lang='lat' dir='ltr'>catholicae?</span> <span class='ocrx_word' id='word_1_167' title='bbox 1119 2334 1240 2383; x_wconf 85' lang='lat' dir='ltr'>Vere</span> <span class='ocrx_word' id='word_1_168' title='bbox 1265 2336 1336 2384; x_wconf 80' lang='lat' dir='ltr'>his</span> 
     </span>
     <span class='ocr_line' id='line_1_25' title="bbox 319 2416 1335 2484; baseline -0.001 -17"><span class='ocrx_word' id='word_1_169' title='bbox 319 2419 538 2484; x_wconf 86' lang='lat' dir='ltr'>applicari</span> <span class='ocrx_word' id='word_1_170' title='bbox 580 2427 808 2482; x_wconf 83' lang='lat' dir='ltr'>possunt,</span> <span class='ocrx_word' id='word_1_171' title='bbox 854 2434 955 2484; x_wconf 88' lang='lat' dir='ltr'>quae</span> <span class='ocrx_word' id='word_1_172' title='bbox 1003 2417 1059 2464; x_wconf 91' lang='lat' dir='ltr'>de</span> <span class='ocrx_word' id='word_1_173' title='bbox 1107 2416 1335 2482; x_wconf 80' lang='lat' dir='ltr'>Aristippo</span> 
     </span>
     <span class='ocr_line' id='line_1_26' title="bbox 318 2494 1331 2564; baseline -0.002 -16"><span class='ocrx_word' id='word_1_174' title='bbox 318 2503 495 2564; x_wconf 85' lang='lat' dir='ltr'>scripsit</span> <span class='ocrx_word' id='word_1_175' title='bbox 551 2498 815 2547; x_wconf 81' lang='lat' dir='ltr'>Lactantius</span> <span class='ocrx_word' id='word_1_176' title='bbox 854 2534 871 2559; x_wconf 85' lang='lat'><strong><em>,</em></strong></span> <span class='ocrx_word' id='word_1_177' title='bbox 940 2494 1106 2545; x_wconf 75' lang='lat' dir='ltr'>Instit.</span> <span class='ocrx_word' id='word_1_178' title='bbox 1172 2498 1331 2546; x_wconf 78' lang='lat' dir='ltr'>divin.</span> 
     </span>
     <span class='ocr_line' id='line_1_27' title="bbox 319 2581 1337 2647; baseline -0.002 -17"><span class='ocrx_word' id='word_1_179' title='bbox 319 2585 537 2647; x_wconf 81' lang='lat' dir='ltr'>epitome.</span> <span class='ocrx_word' id='word_1_180' title='bbox 566 2600 669 2646; x_wconf 87' lang='lat' dir='ltr'>cap.</span> <span class='ocrx_word' id='word_1_181' title='bbox 708 2581 771 2647; x_wconf 83' lang='lat'>39</span> <span class='ocrx_word' id='word_1_182' title='bbox 795 2616 809 2643; x_wconf 88' lang='lat'>‚</span> <span class='ocrx_word' id='word_1_183' title='bbox 834 2598 978 2646; x_wconf 79' lang='lat' dir='ltr'>segm.</span> <span class='ocrx_word' id='word_1_184' title='bbox 1011 2599 1038 2647; x_wconf 90' lang='lat'><strong>7</strong></span> <span class='ocrx_word' id='word_1_185' title='bbox 1073 2597 1087 2628; x_wconf 91' lang='lat'>:</span> <span class='ocrx_word' id='word_1_186' title='bbox 1118 2582 1250 2645; x_wconf 81' lang='lat' dir='ltr'><em>Qui,</em></span> <span class='ocrx_word' id='word_1_187' title='bbox 1284 2590 1337 2628; x_wconf 75' lang='lat' dir='ltr'>ut</span> 
     </span>
     <span class='ocr_line' id='line_1_28' title="bbox 320 2662 1335 2728; baseline 0.001 -17"><span class='ocrx_word' id='word_1_188' title='bbox 320 2664 544 2713; x_wconf 66' lang='lat' dir='ltr'>anticulo?</span> <span class='ocrx_word' id='word_1_189' title='bbox 583 2681 683 2712; x_wconf 84' lang='lat' dir='ltr'>suoe</span> <span class='ocrx_word' id='word_1_190' title='bbox 725 2663 876 2711; x_wconf 84' lang='lat' dir='ltr'>Laidi</span> <span class='ocrx_word' id='word_1_191' title='bbox 905 2662 1147 2727; x_wconf 75' lang='lat' dir='ltr'>placeret,</span> <span class='ocrx_word' id='word_1_192' title='bbox 1185 2664 1335 2728; x_wconf 81' lang='lat' dir='ltr'>Cyre-</span> 
     </span>
     <span class='ocr_line' id='line_1_29' title="bbox 319 2744 1334 2809; baseline 0 -16"><span class='ocrx_word' id='word_1_193' title='bbox 319 2751 512 2794; x_wconf 83' lang='lat' dir='ltr'>naicam</span> <span class='ocrx_word' id='word_1_194' title='bbox 568 2748 780 2794; x_wconf 76' lang='lat' dir='ltr'>instituit</span> <span class='ocrx_word' id='word_1_195' title='bbox 829 2744 1140 2809; x_wconf 75' lang='lat' dir='ltr'>disciplinam</span> <span class='ocrx_word' id='word_1_196' title='bbox 1165 2781 1182 2806; x_wconf 84' lang='lat'><strong><em>,</em></strong></span> <span class='ocrx_word' id='word_1_197' title='bbox 1235 2763 1334 2809; x_wconf 84' lang='lat' dir='ltr'>qua</span> 
     </span>
     <span class='ocr_line' id='line_1_30' title="bbox 317 2828 1334 2891; baseline 0 -16"><span class='ocrx_word' id='word_1_198' title='bbox 317 2831 500 2876; x_wconf 82' lang='lat' dir='ltr'>summi</span> <span class='ocrx_word' id='word_1_199' title='bbox 540 2828 656 2875; x_wconf 84' lang='lat' dir='ltr'>boni</span> <span class='ocrx_word' id='word_1_200' title='bbox 690 2829 841 2891; x_wconf 81' lang='lat' dir='ltr'>fi&#39;nem</span> <span class='ocrx_word' id='word_1_201' title='bbox 868 2829 926 2874; x_wconf 83' lang='lat' dir='ltr'>in</span> <span class='ocrx_word' id='word_1_202' title='bbox 964 2829 1201 2890; x_wconf 76' lang='lat' dir='ltr'>voluptate</span> <span class='ocrx_word' id='word_1_203' title='bbox 1231 2844 1334 2875; x_wconf 88' lang='lat' dir='ltr'>cor-</span> 
     </span>
     <span class='ocr_line' id='line_1_31' title="bbox 313 2908 1330 2976; baseline -0.002 -19"><span class='ocrx_word' id='word_1_204' title='bbox 313 2911 449 2976; x_wconf 81' lang='lat' dir='ltr'>poris</span> <span class='ocrx_word' id='word_1_205' title='bbox 475 2908 723 2957; x_wconf 75' lang='lat' dir='ltr'>collocavit</span> <span class='ocrx_word' id='word_1_206' title='bbox 736 2927 758 2968; x_wconf 87' lang='lat'><em>;</em></span> <span class='ocrx_word' id='word_1_207' title='bbox 790 2920 849 2956; x_wconf 76' lang='lat' dir='ltr'>ne</span> <span class='ocrx_word' id='word_1_208' title='bbox 883 2916 971 2955; x_wconf 81' lang='lat' dir='ltr'>ant</span> <span class='ocrx_word' id='word_1_209' title='bbox 989 2908 1195 2970; x_wconf 81' lang='lat' dir='ltr'>peccatis</span> <span class='ocrx_word' id='word_1_210' title='bbox 1236 2923 1330 2955; x_wconf 82' lang='lat' dir='ltr'>au-</span> 
     </span>
     <span class='ocr_line' id='line_1_32' title="bbox 316 2989 1329 3056; baseline -0.002 -16"><span class='ocrx_word' id='word_1_211' title='bbox 316 2994 519 3056; x_wconf 73' lang='lat' dir='ltr'>⁴ctoritas</span> <span class='ocrx_word' id='word_1_212' title='bbox 546 3028 561 3050; x_wconf 91' lang='lat'>‚</span> <span class='ocrx_word' id='word_1_213' title='bbox 602 2999 687 3039; x_wconf 82' lang='lat' dir='ltr'>aut</span> <span class='ocrx_word' id='word_1_214' title='bbox 720 2991 856 3038; x_wconf 80' lang='lat' dir='ltr'>vitiis</span> <span class='ocrx_word' id='word_1_215' title='bbox 883 2989 1102 3037; x_wconf 81' lang='lat' dir='ltr'>doctrina</span> <span class='ocrx_word' id='word_1_216' title='bbox 1142 2989 1329 3039; x_wconf 83' lang='lat' dir='ltr'>deesset.</span> 
     </span>
     <span class='ocr_line' id='line_1_33' title="bbox 319 3073 1332 3137; baseline -0.006 -14"><span class='ocrx_word' id='word_1_217' title='bbox 319 3074 396 3123; x_wconf 88' lang='lat' dir='ltr'>Sic</span> <span class='ocrx_word' id='word_1_218' title='bbox 412 3077 484 3123; x_wconf 85' lang='lat' dir='ltr'>isti</span> <span class='ocrx_word' id='word_1_219' title='bbox 500 3077 660 3122; x_wconf 80' lang='lat' dir='ltr'>caenosi</span> <span class='ocrx_word' id='word_1_220' title='bbox 674 3074 904 3133; x_wconf 86' lang='lat' dir='ltr'>homines,</span> <span class='ocrx_word' id='word_1_221' title='bbox 923 3082 975 3120; x_wconf 90' lang='lat' dir='ltr'>ut</span> <span class='ocrx_word' id='word_1_222' title='bbox 985 3073 1195 3137; x_wconf 83' lang='lat' dir='ltr'>placeant</span> <span class='ocrx_word' id='word_1_223' title='bbox 1207 3073 1332 3118; x_wconf 80' lang='lat' dir='ltr'>ami-</span> 
     </span>
     <span class='ocr_line' id='line_1_34' title="bbox 319 3153 1331 3218; baseline -0.004 -13"><span class='ocrx_word' id='word_1_224' title='bbox 319 3156 438 3205; x_wconf 84' lang='lat' dir='ltr'>culae</span> <span class='ocrx_word' id='word_1_225' title='bbox 477 3173 608 3216; x_wconf 82' lang='lat' dir='ltr'>suoe,</span> <span class='ocrx_word' id='word_1_226' title='bbox 645 3156 1073 3203; x_wconf 80' lang='lat' dir='ltr'>protestantismum</span> <span class='ocrx_word' id='word_1_227' title='bbox 1114 3153 1331 3218; x_wconf 86' lang='lat' dir='ltr'>profiten-</span> 
     </span>
     <span class='ocr_line' id='line_1_35' title="bbox 319 3239 1331 3304; baseline -0.002 -18"><span class='ocrx_word' id='word_1_228' title='bbox 319 3249 399 3287; x_wconf 80' lang='lat' dir='ltr'>tur</span> <span class='ocrx_word' id='word_1_229' title='bbox 419 3278 431 3299; x_wconf 87' lang='lat'>‚</span> <span class='ocrx_word' id='word_1_230' title='bbox 459 3256 519 3287; x_wconf 87' lang='lat' dir='ltr'>ne</span> <span class='ocrx_word' id='word_1_231' title='bbox 559 3247 644 3286; x_wconf 83' lang='lat' dir='ltr'>aut</span> <span class='ocrx_word' id='word_1_232' title='bbox 678 3239 885 3304; x_wconf 80' lang='lat' dir='ltr'>peccatis</span> <span class='ocrx_word' id='word_1_233' title='bbox 918 3239 1208 3297; x_wconf 73' lang='lat' dir='ltr'>auctoritas,</span> <span class='ocrx_word' id='word_1_234' title='bbox 1246 3246 1331 3285; x_wconf 76' lang='lat' dir='ltr'>aut</span> 
     </span>
     <span class='ocr_line' id='line_1_36' title="bbox 319 3318 1327 3383; baseline 0 -16"><span class='ocrx_word' id='word_1_235' title='bbox 319 3322 456 3367; x_wconf 79' lang='lat' dir='ltr'>vitiis</span> <span class='ocrx_word' id='word_1_236' title='bbox 499 3320 717 3368; x_wconf 76' lang='lat' dir='ltr'>doctrina</span> <span class='ocrx_word' id='word_1_237' title='bbox 751 3320 889 3368; x_wconf 79' lang='lat' dir='ltr'>desit.</span> <span class='ocrx_word' id='word_1_238' title='bbox 936 3318 1035 3366; x_wconf 89' lang='lat' dir='ltr'>Hoc</span> <span class='ocrx_word' id='word_1_239' title='bbox 1066 3322 1164 3383; x_wconf 88' lang='lat' dir='ltr'>ipso</span> <span class='ocrx_word' id='word_1_240' title='bbox 1203 3336 1327 3367; x_wconf 88' lang='lat' dir='ltr'>anno</span> 
     </span>
     <span class='ocr_line' id='line_1_37' title="bbox 319 3398 1335 3467; baseline 0.002 -21"><span class='ocrx_word' id='word_1_241' title='bbox 319 3398 503 3463; x_wconf 83' lang='lat'>(1838)</span> <span class='ocrx_word' id='word_1_242' title='bbox 528 3439 539 3462; x_wconf 90' lang='lat'><em>‚</em></span> <span class='ocrx_word' id='word_1_243' title='bbox 573 3412 626 3449; x_wconf 88' lang='lat' dir='ltr'>ut</span> <span class='ocrx_word' id='word_1_244' title='bbox 645 3400 868 3450; x_wconf 78' lang='lat' dir='ltr'>amiculae</span> <span class='ocrx_word' id='word_1_245' title='bbox 892 3417 992 3448; x_wconf 85' lang='lat' dir='ltr'>suae</span> <span class='ocrx_word' id='word_1_246' title='bbox 1012 3400 1209 3465; x_wconf 86' lang='lat' dir='ltr'>placeret</span> <span class='ocrx_word' id='word_1_247' title='bbox 1233 3404 1335 3467; x_wconf 89' lang='lat' dir='ltr'>qui-</span> 
     </span>
     <span class='ocr_line' id='line_1_38' title="bbox 325 3482 1333 3549; baseline 0.003 -20"><span class='ocrx_word' id='word_1_248' title='bbox 325 3482 434 3530; x_wconf 85' lang='lat' dir='ltr'>dam</span> <span class='ocrx_word' id='word_1_249' title='bbox 451 3484 799 3534; x_wconf 85' lang='lat' dir='ltr'>archidiaconus</span> <span class='ocrx_word' id='word_1_250' title='bbox 821 3484 1034 3533; x_wconf 73' lang='lat' dir='ltr'>Ecclesiae</span> <span class='ocrx_word' id='word_1_251' title='bbox 1052 3500 1205 3549; x_wconf 82' lang='lat' dir='ltr'>graecae</span> <span class='ocrx_word' id='word_1_252' title='bbox 1223 3520 1235 3545; x_wconf 92' lang='lat'><em>,</em></span> <span class='ocrx_word' id='word_1_253' title='bbox 1274 3485 1333 3532; x_wconf 84' lang='lat' dir='ltr'>ad</span> 
     </span>
     <span class='ocr_line' id='line_1_39' title="bbox 322 3562 1330 3629; baseline 0.002 -18"><span class='ocrx_word' id='word_1_254' title='bbox 322 3562 606 3611; x_wconf 85' lang='lat' dir='ltr'>Alcoranum</span> <span class='ocrx_word' id='word_1_255' title='bbox 631 3565 795 3614; x_wconf 86' lang='lat' dir='ltr'>defecit</span> <span class='ocrx_word' id='word_1_256' title='bbox 830 3565 972 3629; x_wconf 82' lang='lat' dir='ltr'>(Cfr.</span> <span class='ocrx_word' id='word_1_257' title='bbox 1009 3564 1063 3612; x_wconf 87' lang='lat' dir='ltr'>Il</span> <span class='ocrx_word' id='word_1_258' title='bbox 1099 3564 1330 3614; x_wconf 78' lang='lat' dir='ltr'>Cattolico</span> 
     </span>
    </p>
   </div>
   <div class='ocr_carea' id='block_1_5' title="bbox 319 3642 1329 3716">
    <p class='ocr_par' dir='ltr' id='par_1_5' title="bbox 319 3642 1329 3716">
     <span class='ocr_line' id='line_1_40' title="bbox 319 3642 1329 3716; baseline 0.005 -22"><span class='ocrx_word' id='word_1_259' title='bbox 319 3645 372 3694; x_wconf 77' lang='lat' dir='ltr'>di</span> <span class='ocrx_word' id='word_1_260' title='bbox 383 3642 583 3711; x_wconf 78' lang='lat' dir='ltr'>Luqano</span> <span class='ocrx_word' id='word_1_261' title='bbox 596 3683 611 3707; x_wconf 89' lang='lat'>‚</span> <span class='ocrx_word' id='word_1_262' title='bbox 639 3664 654 3695; x_wconf 91' lang='lat'>1</span> <span class='ocrx_word' id='word_1_263' title='bbox 668 3647 696 3697; x_wconf 89' lang='lat'><em>5</em></span> <span class='ocrx_word' id='word_1_264' title='bbox 714 3649 863 3700; x_wconf 83' lang='lat' dir='ltr'>Marzo</span> <span class='ocrx_word' id='word_1_265' title='bbox 886 3646 1070 3715; x_wconf 85' lang='lat'><em>1838),</em></span> <span class='ocrx_word' id='word_1_266' title='bbox 1087 3667 1146 3701; x_wconf 86' lang='lat' dir='ltr'>ne</span> <span class='ocrx_word' id='word_1_267' title='bbox 1165 3653 1329 3716; x_wconf 84' lang='lat' dir='ltr'>pariter</span> 
     </span>
    </p>
   </div>
   <div class='ocr_carea' id='block_1_6' title="bbox 1410 1597 2449 3722">
    <p class='ocr_par' dir='ltr' id='par_1_6' title="bbox 1427 1597 2449 1745">
     <span class='ocr_line' id='line_1_41' title="bbox 1427 1597 2449 1661; baseline 0.003 -18"><span class='ocrx_word' id='word_1_268' title='bbox 1427 1606 1505 1644; x_wconf 85' lang='lat' dir='ltr'>aut</span> <span class='ocrx_word' id='word_1_269' title='bbox 1527 1599 1744 1661; x_wconf 74' lang='lat' dir='ltr'>peccatis</span> <span class='ocrx_word' id='word_1_270' title='bbox 1782 1598 2039 1645; x_wconf 74' lang='lat' dir='ltr'>auctoritas</span> <span class='ocrx_word' id='word_1_271' title='bbox 2082 1605 2169 1645; x_wconf 81' lang='lat' dir='ltr'>aut</span> <span class='ocrx_word' id='word_1_272' title='bbox 2205 1599 2341 1646; x_wconf 83' lang='lat' dir='ltr'>vitiis</span> <span class='ocrx_word' id='word_1_273' title='bbox 2371 1597 2449 1646; x_wconf 88' lang='lat' dir='ltr'>do-</span> 
     </span>
     <span class='ocr_line' id='line_1_42' title="bbox 1427 1678 2328 1745; baseline 0.003 -21"><span class='ocrx_word' id='word_1_274' title='bbox 1427 1679 1590 1726; x_wconf 80' lang='lat' dir='ltr'>ctrina</span> <span class='ocrx_word' id='word_1_275' title='bbox 1619 1678 1812 1727; x_wconf 76' lang='lat' dir='ltr'>deesset.</span> <span class='ocrx_word' id='word_1_276' title='bbox 1847 1678 1923 1727; x_wconf 91' lang='lat' dir='ltr'>Sic</span> <span class='ocrx_word' id='word_1_277' title='bbox 1956 1680 2123 1745; x_wconf 83' lang='lat' dir='ltr'>reliqui</span> <span class='ocrx_word' id='word_1_278' title='bbox 2148 1697 2328 1728; x_wconf 87' lang='lat' dir='ltr'>omnes.</span> 
     </span>
    </p>

    <p class='ocr_par' dir='ltr' id='par_1_7' title="bbox 1410 1759 2447 3722">
     <span class='ocr_line' id='line_1_43' title="bbox 1493 1759 2445 1826; baseline 0.003 -20"><span class='ocrx_word' id='word_1_279' title='bbox 1493 1760 1561 1821; x_wconf 89' lang='lat' dir='ltr'>(l)</span> <span class='ocrx_word' id='word_1_280' title='bbox 1602 1759 1692 1824; x_wconf 85' lang='lat' dir='ltr'>Ipsi</span> <span class='ocrx_word' id='word_1_281' title='bbox 1734 1761 2042 1809; x_wconf 84' lang='lat' dir='ltr'>Protestantes</span> <span class='ocrx_word' id='word_1_282' title='bbox 2075 1762 2132 1809; x_wconf 89' lang='lat' dir='ltr'>de</span> <span class='ocrx_word' id='word_1_283' title='bbox 2161 1762 2247 1809; x_wconf 86' lang='lat' dir='ltr'>hac</span> <span class='ocrx_word' id='word_1_284' title='bbox 2279 1761 2445 1826; x_wconf 84' lang='lat' dir='ltr'>agendi</span> 
     </span>
     <span class='ocr_line' id='line_1_44' title="bbox 1423 1843 2447 1910; baseline 0.004 -22"><span class='ocrx_word' id='word_1_285' title='bbox 1423 1844 1597 1890; x_wconf 76' lang='lat' dir='ltr'>ratione</span> <span class='ocrx_word' id='word_1_286' title='bbox 1627 1854 1992 1908; x_wconf 87' lang='lat' dir='ltr'>conqueruntur.</span> <span class='ocrx_word' id='word_1_287' title='bbox 2026 1843 2098 1891; x_wconf 90' lang='lat' dir='ltr'>En</span> <span class='ocrx_word' id='word_1_288' title='bbox 2119 1844 2353 1910; x_wconf 89' lang='lat' dir='ltr'>quomodo</span> <span class='ocrx_word' id='word_1_289' title='bbox 2378 1845 2447 1893; x_wconf 93' lang='lat' dir='ltr'>lo-</span> 
     </span>
     <span class='ocr_line' id='line_1_45' title="bbox 1424 1923 2446 1990; baseline 0.003 -20"><span class='ocrx_word' id='word_1_290' title='bbox 1424 1933 1594 1988; x_wconf 85' lang='lat' dir='ltr'>quatur</span> <span class='ocrx_word' id='word_1_291' title='bbox 1623 1942 1745 1972; x_wconf 79' lang='lat' dir='ltr'>unus</span> <span class='ocrx_word' id='word_1_292' title='bbox 1779 1942 1831 1972; x_wconf 84' lang='lat' dir='ltr'>ex</span> <span class='ocrx_word' id='word_1_293' title='bbox 1871 1927 1981 1989; x_wconf 87' lang='lat' dir='ltr'>ipsis</span> <span class='ocrx_word' id='word_1_294' title='bbox 2017 1942 2030 1972; x_wconf 92' lang='lat'>:</span> <span class='ocrx_word' id='word_1_295' title='bbox 2076 1923 2140 1972; x_wconf 87' lang='lat' dir='ltr'>Le</span> <span class='ocrx_word' id='word_1_296' title='bbox 2171 1934 2446 1990; x_wconf 78' lang='lat' dir='ltr'>protestan-</span> 
     </span>
     <span class='ocr_line' id='line_1_46' title="bbox 1422 2006 2447 2073; baseline 0.005 -22"><span class='ocrx_word' id='word_1_297' title='bbox 1422 2007 1559 2053; x_wconf 75' lang='lat' dir='ltr'>tisme</span> <span class='ocrx_word' id='word_1_298' title='bbox 1597 2006 1676 2054; x_wconf 83' lang='lat' dir='ltr'>n’a</span> <span class='ocrx_word' id='word_1_299' title='bbox 1708 2024 1803 2073; x_wconf 86' lang='lat' dir='ltr'>pas</span> <span class='ocrx_word' id='word_1_300' title='bbox 1837 2009 1993 2073; x_wconf 80' lang='lat' dir='ltr'>moins</span> <span class='ocrx_word' id='word_1_301' title='bbox 2024 2007 2149 2055; x_wconf 80' lang='lat' dir='ltr'>ovili</span> <span class='ocrx_word' id='word_1_302' title='bbox 2186 2007 2233 2057; x_wconf 88' lang='lat' dir='ltr'>la</span> <span class='ocrx_word' id='word_1_303' title='bbox 2264 2009 2447 2073; x_wconf 68' lang='lat' dir='ltr'>diqnite</span> 
     </span>
     <span class='ocr_line' id='line_1_47' title="bbox 1422 2088 2445 2155; baseline 0.003 -21"><span class='ocrx_word' id='word_1_304' title='bbox 1422 2088 1772 2138; x_wconf 83' lang='lat' dir='ltr'>sacerdotale...</span> <span class='ocrx_word' id='word_1_305' title='bbox 1821 2090 1916 2136; x_wconf 85' lang='lat' dir='ltr'>Les</span> <span class='ocrx_word' id='word_1_306' title='bbox 1960 2093 2144 2154; x_wconf 62' lang='lat' dir='ltr'>pretres</span> <span class='ocrx_word' id='word_1_307' title='bbox 2177 2099 2445 2155; x_wconf 77' lang='lat' dir='ltr'>protestans</span> 
     </span>
     <span class='ocr_line' id='line_1_48' title="bbox 1421 2171 2443 2237; baseline 0.003 -21"><span class='ocrx_word' id='word_1_308' title='bbox 1421 2187 1469 2216; x_wconf 85' lang='lat' dir='ltr'>se</span> <span class='ocrx_word' id='word_1_309' title='bbox 1507 2178 1615 2217; x_wconf 81' lang='lat' dir='ltr'>sont</span> <span class='ocrx_word' id='word_1_310' title='bbox 1642 2171 1814 2234; x_wconf 82' lang='lat' dir='ltr'>defaits</span> <span class='ocrx_word' id='word_1_311' title='bbox 1840 2171 1952 2218; x_wconf 80' lang='lat' dir='ltr'>bien</span> <span class='ocrx_word' id='word_1_312' title='bbox 1988 2171 2081 2219; x_wconf 78' lang='lat' dir='ltr'>vite</span> <span class='ocrx_word' id='word_1_313' title='bbox 2108 2172 2164 2218; x_wconf 86' lang='lat' dir='ltr'>de</span> <span class='ocrx_word' id='word_1_314' title='bbox 2204 2179 2328 2219; x_wconf 80' lang='lat' dir='ltr'>tonte</span> <span class='ocrx_word' id='word_1_315' title='bbox 2355 2188 2443 2237; x_wconf 88' lang='lat' dir='ltr'>ap-</span> 
     </span>
     <span class='ocr_line' id='line_1_49' title="bbox 1411 2252 2444 2318; baseline 0.003 -19"><span class='ocrx_word' id='word_1_316' title='bbox 1411 2269 1623 2318; x_wconf 85' lang='lat' dir='ltr'>parence</span> <span class='ocrx_word' id='word_1_317' title='bbox 1672 2252 1923 2317; x_wconf 68' lang='lat' dir='ltr'>reliqae‘euse</span> <span class='ocrx_word' id='word_1_318' title='bbox 1948 2291 1962 2313; x_wconf 91' lang='lat'>,</span> <span class='ocrx_word' id='word_1_319' title='bbox 2012 2262 2059 2301; x_wconf 85' lang='lat' dir='ltr'>et</span> <span class='ocrx_word' id='word_1_320' title='bbox 2099 2271 2147 2301; x_wconf 88' lang='lat' dir='ltr'>se</span> <span class='ocrx_word' id='word_1_321' title='bbox 2194 2262 2302 2301; x_wconf 81' lang='lat' dir='ltr'>sont</span> <span class='ocrx_word' id='word_1_322' title='bbox 2340 2262 2444 2303; x_wconf 79' lang='lat' dir='ltr'>tous</span> 
     </span>
     <span class='ocr_line' id='line_1_50' title="bbox 1420 2334 2444 2401; baseline 0.005 -21"><span class='ocrx_word' id='word_1_323' title='bbox 1420 2336 1514 2382; x_wconf 84' lang='lat' dir='ltr'>mis</span> <span class='ocrx_word' id='word_1_324' title='bbox 1559 2334 1997 2383; x_wconf 62' lang='lat' dir='ltr'>tres-humblement</span> <span class='ocrx_word' id='word_1_325' title='bbox 2057 2353 2156 2384; x_wconf 81' lang='lat' dir='ltr'>aux</span> <span class='ocrx_word' id='word_1_326' title='bbox 2196 2336 2337 2401; x_wconf 82' lang='lat' dir='ltr'>pieds</span> <span class='ocrx_word' id='word_1_327' title='bbox 2387 2337 2444 2385; x_wconf 87' lang='lat' dir='ltr'>de</span> 
     </span>
     <span class='ocr_line' id='line_1_51' title="bbox 1424 2410 2443 2483; baseline 0.003 -20"><span class='ocrx_word' id='word_1_328' title='bbox 1424 2415 1669 2464; x_wconf 71' lang='lat' dir='ltr'>l&#39;autoriee</span> <span class='ocrx_word' id='word_1_329' title='bbox 1710 2417 2044 2482; x_wconf 86' lang='lat' dir='ltr'>temporelle...</span> <span class='ocrx_word' id='word_1_330' title='bbox 2067 2410 2233 2466; x_wconf 36' lang='lat' dir='ltr'>*Parce</span> <span class='ocrx_word' id='word_1_331' title='bbox 2270 2435 2360 2483; x_wconf 78' lang='lat' dir='ltr'>que</span> <span class='ocrx_word' id='word_1_332' title='bbox 2392 2418 2443 2466; x_wconf 85' lang='lat' dir='ltr'>la</span> 
     </span>
     <span class='ocr_line' id='line_1_52' title="bbox 1421 2498 2445 2565; baseline 0.003 -20"><span class='ocrx_word' id='word_1_333' title='bbox 1421 2500 1639 2546; x_wconf 80' lang='lat' dir='ltr'>vocation</span> <span class='ocrx_word' id='word_1_334' title='bbox 1666 2498 1747 2546; x_wconf 88' lang='lat' dir='ltr'>des</span> <span class='ocrx_word' id='word_1_335' title='bbox 1764 2501 1951 2564; x_wconf 77' lang='lat' dir='ltr'>pretres</span> <span class='ocrx_word' id='word_1_336' title='bbox 1973 2509 2243 2565; x_wconf 80' lang='lat' dir='ltr'>protestans</span> <span class='ocrx_word' id='word_1_337' title='bbox 2272 2499 2445 2548; x_wconf 73' lang='lat' dir='ltr'>n&#39;etait</span> 
     </span>
     <span class='ocr_line' id='line_1_53' title="bbox 1421 2580 2441 2646; baseline 0.003 -19"><span class='ocrx_word' id='word_1_338' title='bbox 1421 2580 1684 2629; x_wconf 84' lang='lat' dir='ltr'>nullement</span> <span class='ocrx_word' id='word_1_339' title='bbox 1700 2582 1755 2629; x_wconf 86' lang='lat' dir='ltr'>de</span> <span class='ocrx_word' id='word_1_340' title='bbox 1767 2598 2034 2646; x_wconf 74' lang='lat' dir='ltr'>qouverner</span> <span class='ocrx_word' id='word_1_341' title='bbox 2058 2581 2227 2643; x_wconf 76' lang='lat' dir='ltr'>l’Etat,</span> <span class='ocrx_word' id='word_1_342' title='bbox 2246 2582 2288 2631; x_wconf 81' lang='lat' dir='ltr'>il</span> <span class='ocrx_word' id='word_1_343' title='bbox 2301 2582 2441 2630; x_wconf 78' lang='lat' dir='ltr'>n’au-</span> 
     </span>
     <span class='ocr_line' id='line_1_54' title="bbox 1420 2663 2441 2729; baseline 0.002 -21"><span class='ocrx_word' id='word_1_344' title='bbox 1420 2665 1519 2711; x_wconf 79' lang='lat' dir='ltr'>rait</span> <span class='ocrx_word' id='word_1_345' title='bbox 1542 2680 1638 2728; x_wconf 87' lang='lat' dir='ltr'>pas</span> <span class='ocrx_word' id='word_1_346' title='bbox 1661 2663 1787 2728; x_wconf 79' lang='lat' dir='ltr'>fallu</span> <span class='ocrx_word' id='word_1_347' title='bbox 1827 2681 1885 2711; x_wconf 87' lang='lat' dir='ltr'>en</span> <span class='ocrx_word' id='word_1_348' title='bbox 1921 2665 2138 2714; x_wconf 75' lang='lat' dir='ltr'>conclure</span> <span class='ocrx_word' id='word_1_349' title='bbox 2159 2681 2249 2729; x_wconf 79' lang='lat' dir='ltr'>que</span> <span class='ocrx_word' id='word_1_350' title='bbox 2282 2665 2441 2711; x_wconf 72' lang='lat' dir='ltr'>c’ecait</span> 
     </span>
     <span class='ocr_line' id='line_1_55' title="bbox 1419 2745 2437 2811; baseline 0.002 -20"><span class='ocrx_word' id='word_1_351' title='bbox 1419 2746 1448 2792; x_wconf 88' lang='grc' dir='ltr'>ὰ</span> <span class='ocrx_word' id='word_1_352' title='bbox 1487 2745 1642 2793; x_wconf 75' lang='lat' dir='ltr'>l’Ecat</span> <span class='ocrx_word' id='word_1_353' title='bbox 1672 2748 1704 2793; x_wconf 80' lang='grc' dir='ltr'><em>ὰ</em></span> <span class='ocrx_word' id='word_1_354' title='bbox 1751 2763 2015 2810; x_wconf 78' lang='lat' dir='ltr'>qouverner</span> <span class='ocrx_word' id='word_1_355' title='bbox 2055 2746 2313 2811; x_wconf 74' lang='lat' dir='ltr'>l’quise...</span> <span class='ocrx_word' id='word_1_356' title='bbox 2344 2746 2437 2793; x_wconf 81' lang='lat' dir='ltr'>Les</span> 
     </span>
     <span class='ocr_line' id='line_1_56' title="bbox 1416 2827 2437 2892; baseline 0.005 -20"><span class='ocrx_word' id='word_1_357' title='bbox 1416 2831 1736 2891; x_wconf 74' lang='lat' dir='ltr'>recompenses</span> <span class='ocrx_word' id='word_1_358' title='bbox 1779 2845 1868 2892; x_wconf 82' lang='lat' dir='ltr'>que</span> <span class='ocrx_word' id='word_1_359' title='bbox 1907 2827 2063 2875; x_wconf 79' lang='lat' dir='ltr'><em>l’Etat</em></span> <span class='ocrx_word' id='word_1_360' title='bbox 2105 2829 2299 2876; x_wconf 87' lang='lat' dir='ltr'>accorde</span> <span class='ocrx_word' id='word_1_361' title='bbox 2336 2846 2437 2877; x_wconf 70' lang='lat' dir='ltr'>aux</span> 
     </span>
     <span class='ocr_line' id='line_1_57' title="bbox 1415 2908 2437 2973; baseline 0.002 -17"><span class='ocrx_word' id='word_1_362' title='bbox 1415 2908 1814 2973; x_wconf 58' lang='lat' dir='ltr'>eccfflsiasfiquw,</span> <span class='ocrx_word' id='word_1_363' title='bbox 1857 2908 1922 2957; x_wconf 83' lang='lat' dir='ltr'>les</span> <span class='ocrx_word' id='word_1_364' title='bbox 1965 2917 2049 2957; x_wconf 77' lang='lat' dir='ltr'>ont</span> <span class='ocrx_word' id='word_1_365' title='bbox 2076 2910 2250 2958; x_wconf 83' lang='lat' dir='ltr'>rendus</span> <span class='ocrx_word' id='word_1_366' title='bbox 2278 2920 2378 2958; x_wconf 79' lang='lat' dir='ltr'>tout</span> <span class='ocrx_word' id='word_1_367' title='bbox 2405 2913 2437 2959; x_wconf 85' lang='grc' dir='ltr'><em>ὰ</em></span> 
     </span>
     <span class='ocr_line' id='line_1_58' title="bbox 1410 2991 2435 3055; baseline 0.005 -18"><span class='ocrx_word' id='word_1_368' title='bbox 1410 2991 1507 3055; x_wconf 80' lang='lat' dir='ltr'>fait</span> <span class='ocrx_word' id='word_1_369' title='bbox 1543 2991 1787 3040; x_wconf 72' lang='lat' dir='ltr'>seculz&#39;ers.</span> <span class='ocrx_word' id='word_1_370' title='bbox 1833 2993 1967 3041; x_wconf 84' lang='lat' dir='ltr'>Avec</span> <span class='ocrx_word' id='word_1_371' title='bbox 2007 2992 2132 3041; x_wconf 78' lang='lat' dir='ltr'>leurs</span> <span class='ocrx_word' id='word_1_372' title='bbox 2163 2993 2319 3041; x_wconf 81' lang='lat' dir='ltr'>habits</span> <span class='ocrx_word' id='word_1_373' title='bbox 2358 3010 2435 3042; x_wconf 90' lang='lat' dir='ltr'>sa—</span> 
     </span>
     <span class='ocr_line' id='line_1_59' title="bbox 1415 3074 2436 3141; baseline 0.006 -21"><span class='ocrx_word' id='word_1_374' title='bbox 1415 3074 1671 3122; x_wconf 71' lang='lat' dir='ltr'>cerdotauoe</span> <span class='ocrx_word' id='word_1_375' title='bbox 1695 3111 1707 3133; x_wconf 89' lang='lat'>‚</span> <span class='ocrx_word' id='word_1_376' title='bbox 1736 3074 1801 3122; x_wconf 80' lang='lat' dir='ltr'>ils</span> <span class='ocrx_word' id='word_1_377' title='bbox 1829 3083 1910 3123; x_wconf 84' lang='lat' dir='ltr'>ont</span> <span class='ocrx_word' id='word_1_378' title='bbox 1935 3076 2170 3141; x_wconf 71' lang='lat' dir='ltr'>depouille</span> <span class='ocrx_word' id='word_1_379' title='bbox 2196 3077 2235 3125; x_wconf 83' lang='lat' dir='ltr'>le</span> <span class='ocrx_word' id='word_1_380' title='bbox 2273 3094 2436 3126; x_wconf 90' lang='lat' dir='ltr'>carac-</span> 
     </span>
     <span class='ocr_line' id='line_1_60' title="bbox 1416 3156 2438 3223; baseline 0.003 -20"><span class='ocrx_word' id='word_1_381' title='bbox 1416 3158 1512 3204; x_wconf 72' lang='lat' dir='ltr'>tere</span> <span class='ocrx_word' id='word_1_382' title='bbox 1541 3158 1803 3223; x_wconf 71' lang='lat' dir='ltr'>spirituel..</span> <span class='ocrx_word' id='word_1_383' title='bbox 1837 3156 1990 3206; x_wconf 72' lang='lat' dir='ltr'>L&#39;etat</span> <span class='ocrx_word' id='word_1_384' title='bbox 2020 3176 2049 3205; x_wconf 89' lang='lat' dir='ltr'><strong><em>a</em></strong></span> <span class='ocrx_word' id='word_1_385' title='bbox 2083 3159 2183 3223; x_wconf 79' lang='lat' dir='ltr'>fait</span> <span class='ocrx_word' id='word_1_386' title='bbox 2214 3177 2300 3208; x_wconf 86' lang='lat' dir='ltr'>son</span> <span class='ocrx_word' id='word_1_387' title='bbox 2340 3165 2438 3207; x_wconf 74' lang='lat' dir='ltr'>me-</span> 
     </span>
     <span class='ocr_line' id='line_1_61' title="bbox 1414 3240 2439 3301; baseline 0.003 -16"><span class='ocrx_word' id='word_1_388' title='bbox 1414 3240 1505 3286; x_wconf 81' lang='lat' dir='ltr'>tier</span> <span class='ocrx_word' id='word_1_389' title='bbox 1528 3276 1541 3301; x_wconf 88' lang='lat'>,</span> <span class='ocrx_word' id='word_1_390' title='bbox 1566 3250 1609 3287; x_wconf 81' lang='lat' dir='ltr'>et</span> <span class='ocrx_word' id='word_1_391' title='bbox 1635 3249 1734 3288; x_wconf 81' lang='lat' dir='ltr'>tout</span> <span class='ocrx_word' id='word_1_392' title='bbox 1765 3240 1807 3288; x_wconf 87' lang='lat' dir='ltr'>le</span> <span class='ocrx_word' id='word_1_393' title='bbox 1849 3240 1952 3287; x_wconf 85' lang='lat' dir='ltr'>mal</span> <span class='ocrx_word' id='word_1_394' title='bbox 1983 3240 2083 3288; x_wconf 80' lang='lat' dir='ltr'>doit</span> <span class='ocrx_word' id='word_1_395' title='bbox 2117 3244 2212 3289; x_wconf 71' lang='lat' dir='ltr'>ecre</span> <span class='ocrx_word' id='word_1_396' title='bbox 2239 3243 2333 3290; x_wconf 77' lang='lat' dir='ltr'>mis</span> <span class='ocrx_word' id='word_1_397' title='bbox 2354 3257 2439 3289; x_wconf 79' lang='lat' dir='ltr'>sur</span> 
     </span>
     <span class='ocr_line' id='line_1_62' title="bbox 1411 3322 2439 3390; baseline 0.001 -22"><span class='ocrx_word' id='word_1_398' title='bbox 1411 3322 1450 3368; x_wconf 84' lang='lat' dir='ltr'>le</span> <span class='ocrx_word' id='word_1_399' title='bbox 1485 3333 1663 3389; x_wconf 80' lang='lat' dir='ltr'>compte</span> <span class='ocrx_word' id='word_1_400' title='bbox 1707 3324 1774 3372; x_wconf 80' lang='lat' dir='ltr'>du</span> <span class='ocrx_word' id='word_1_401' title='bbox 1811 3323 1960 3389; x_wconf 74' lang='lat' dir='ltr'>clerqe</span> <span class='ocrx_word' id='word_1_402' title='bbox 1989 3334 2268 3390; x_wconf 73' lang='lat' dir='ltr'>protestant.</span> <span class='ocrx_word' id='word_1_403' title='bbox 2301 3324 2353 3373; x_wconf 89' lang='lat' dir='ltr'>Il</span> <span class='ocrx_word' id='word_1_404' title='bbox 2370 3331 2439 3371; x_wconf 81' lang='lat' dir='ltr'>est</span> 
     </span>
     <span class='ocr_line' id='line_1_63' title="bbox 1419 3405 2437 3474; baseline 0 -22"><span class='ocrx_word' id='word_1_405' title='bbox 1419 3405 1603 3453; x_wconf 70' lang='lat' dir='ltr'>decemo</span> <span class='ocrx_word' id='word_1_406' title='bbox 1649 3405 1879 3470; x_wconf 80' lang='lat' dir='ltr'>frivole...</span> <span class='ocrx_word' id='word_1_407' title='bbox 1933 3408 2028 3455; x_wconf 89' lang='lat' dir='ltr'>Les</span> <span class='ocrx_word' id='word_1_408' title='bbox 2069 3411 2253 3474; x_wconf 66' lang='lat' dir='ltr'>pretres</span> <span class='ocrx_word' id='word_1_409' title='bbox 2305 3406 2437 3453; x_wconf 82' lang='lat' dir='ltr'>n’ont</span> 
     </span>
     <span class='ocr_line' id='line_1_64' title="bbox 1415 3487 2432 3555; baseline 0.002 -22"><span class='ocrx_word' id='word_1_410' title='bbox 1415 3487 1594 3535; x_wconf 70' lang='lat' dir='ltr'>bientot</span> <span class='ocrx_word' id='word_1_411' title='bbox 1623 3489 1739 3555; x_wconf 82' lang='lat' dir='ltr'>plus</span> <span class='ocrx_word' id='word_1_412' title='bbox 1766 3490 1862 3553; x_wconf 76' lang='lat' dir='ltr'>fait</span> <span class='ocrx_word' id='word_1_413' title='bbox 1896 3507 1989 3555; x_wconf 79' lang='lat' dir='ltr'>que</span> <span class='ocrx_word' id='word_1_414' title='bbox 2027 3489 2132 3538; x_wconf 82' lang='lat' dir='ltr'>leur</span> <span class='ocrx_word' id='word_1_415' title='bbox 2179 3489 2340 3536; x_wconf 82' lang='lat' dir='ltr'>devoir</span> <span class='ocrx_word' id='word_1_416' title='bbox 2377 3488 2432 3535; x_wconf 85' lang='lat' dir='ltr'>de</span> 
     </span>
     <span class='ocr_line' id='line_1_65' title="bbox 1414 3567 2434 3635; baseline -0.001 -18"><span class='ocrx_word' id='word_1_417' title='bbox 1414 3567 1681 3635; x_wconf 79' lang='lat' dir='ltr'>cz‘coyens...</span> <span class='ocrx_word' id='word_1_418' title='bbox 1725 3570 1903 3620; x_wconf 82' lang='lat' dir='ltr'>L’Etat</span> <span class='ocrx_word' id='word_1_419' title='bbox 1950 3571 2104 3620; x_wconf 75' lang='lat' dir='ltr'>noles</span> <span class='ocrx_word' id='word_1_420' title='bbox 2142 3569 2302 3635; x_wconf 87' lang='lat' dir='ltr'>prend</span> <span class='ocrx_word' id='word_1_421' title='bbox 2319 3568 2434 3634; x_wconf 83' lang='lat' dir='ltr'>plus</span> 
     </span>
     <span class='ocr_line' id='line_1_66' title="bbox 1411 3652 2437 3722; baseline -0.002 -21"><span class='ocrx_word' id='word_1_422' title='bbox 1411 3671 1500 3718; x_wconf 81' lang='lat' dir='ltr'>que</span> <span class='ocrx_word' id='word_1_423' title='bbox 1526 3672 1654 3720; x_wconf 79' lang='lat' dir='ltr'>pour</span> <span class='ocrx_word' id='word_1_424' title='bbox 1691 3655 1771 3704; x_wconf 84' lang='lat' dir='ltr'>des</span> <span class='ocrx_word' id='word_1_425' title='bbox 1809 3656 2007 3722; x_wconf 81' lang='lat' dir='ltr'>officiers</span> <span class='ocrx_word' id='word_1_426' title='bbox 2052 3653 2109 3702; x_wconf 79' lang='lat' dir='ltr'>de</span> <span class='ocrx_word' id='word_1_427' title='bbox 2128 3652 2348 3719; x_wconf 75' lang='lat' dir='ltr'>police...</span> <span class='ocrx_word' id='word_1_428' title='bbox 2382 3652 2437 3700; x_wconf 89' lang='lat' dir='ltr'>Il</span> 
     </span>
    </p>
   </div>
  </div>
 </body>
</html>
