2508 4120
2053 181 2168 239 195

561 205 682 242 CAP.
728 204 785 242 V·
831 206 899 240 DE
942 203 1223 241 GAELIBATU
1269 202 1482 240 ECCLES.
1528 203 1647 240 ETC.

60 352 206 407 Sane
235 346 515 404 Henricus
530 346 660 403 VIII
687 343 891 403 caelebs
919 365 1040 402 non
1065 354 1219 416 erat3
1256 364 1446 424 neque
1468 341 1758 402 caelibatus
1787 363 1952 402 causa
1979 341 2163 402 Elisa-

59 441 237 501 betha
260 446 380 518 ejus
409 440 525 498 filia
562 439 921 518 anglicanam
950 438 1422 498 reformationem
1454 438 1800 498 instauravit
1824 436 1932 517 (l).
1963 439 2170 499 Nonne

60 536 380 595 identidem
412 533 743 593 Sacerdotes
762 579 778 607 ,
805 523 966 592 omni
992 530 1248 613 pudore,
1283 531 1634 590 conscientia
1662 552 1728 590 ac
1752 531 2026 612 religione
2061 533 2169 593 de-

58 631 245 688 stituti
264 676 278 703 ‚
312 628 675 688 commodam
704 627 1019 686 admodum
1038 647 1102 683 ac
1131 624 1370 707 mollem
1407 625 1878 686 reformationem
1918 627 2173 710 amplexi

59 737 195 783 sunt
217 770 232 797 ,
261 721 670 802 cupiditatibus
695 721 903 781 iisdem
922 719 1160 801 impulsi
1180 764 1195 793 ‚
1232 717 1442 799 quibus
1469 718 1725 798 quotidie
1768 732 1857 779 tot
1883 722 2174 801 conjugati

60 842 123 877 ac
163 819 382 879 caelibes
408 818 667 877 libertini
687 815 1066 898 impelluntur
1112 812 1187 873 ad
1212 812 1468 871 habenas
1492 834 1699 872 omnes
1726 815 1868 873 vitio
1902 837 1967 874 ac
1989 815 2172 876 licen-

61 917 155 972 tiae
176 913 452 973 laxandas
474 960 490 988 7
516 933 678 994 aeque
706 911 968 992 dispositi
989 908 1063 966 ad
1086 908 1485 989 profitendum
1526 907 1910 975 islamismum
1930 956 1946 985 ‚
1987 921 2053 969 ut
2090 912 2171 971 ita

61 1004 442 1070 cohonestent
478 1029 643 1067 suam
684 1006 1104 1077 defectionem3
1156 1002 1314 1084 quod
1336 1024 1457 1062 non
1496 1003 1576 1062 ita
1598 1003 1830 1084 pridem
1866 1006 2170 1085 contigisse

65 1107 333 1166 novimus
361 1105 472 1183 (2).

67 1321 310 1368 deconvert
356 1317 421 1364 les
451 1316 668 1381 rapports
709 1313 905 1362 eternels
952 1321 1081 1362 entre

70 1401 210 1449 Dieu,
243 1407 290 1447 et
332 1397 548 1445 l’homme
574 1434 587 1457 ,
633 1398 825 1460 etqui,
869 1411 980 1442 avec
1020 1393 1084 1441 les

59 1492 258 1547 propre-9
302 1478 521 1548 lamia-res
553 1477 610 1524 de
640 1494 693 1523 aa
717 1479 882 1523 raison
900 1512 913 1535 ,
951 1477 1086 1523 avait

66 1563 231 1627 apprie
263 1560 295 1608 ὰ
326 1558 633 1625 comprendre
672 1556 967 1615 l'Ecriture‚
1000 1555 1082 1602 de-

67 1645 167 1691 vait
195 1644 287 1689 ecre
312 1640 353 1689 le
378 1641 494 1706 plus
526 1638 890 1706 profundentem
914 1638 1086 1702 offense

66 1741 162 1792 par
184 1742 254 1772 un
280 1723 471 1789 pardon
497 1723 576 1770 des
615 1721 783 1787 peches
810 1720 948 1784 qn'on
960 1735 1086 1784 pon-

72 1808 171 1856 vait
200 1804 388 1854 obtenir
405 1819 535 1869 pour
556 1802 613 1850 de
643 1801 859 1866 l'arqent.
892 1801 962 1848 Ita
982 1802 1086 1865 qui-

74 1889 179 1936 dem
205 1888 282 1934 hic
309 1888 521 1950 pietista3
552 1901 640 1932 nec
671 1886 927 1948 suspicatus
962 1882 1050 1928 fuit
1071 1918 1084 1940 ,

77 1987 124 2017 se
163 1971 308 2015 risum
327 1968 630 2014 excitaturum
663 1968 790 2012 iniis
835 1963 1082 2022 omnibus,

77 2051 248 2116 quibus
289 2059 523 2114 perspecta
563 2058 668 2096 sunt
703 2048 844 2095 effusa
892 2046 1035 2093 libido
1071 2078 1085 2103 ,

75 2133 296 2191 audacia,
343 2126 534 2196 projecti
571 2147 717 2178 mores
739 2166 752 2189 ,
791 2127 1089 2176 incredulitas

63 2215 237 2279 'optimi
257 2215 457 2277 parentis
486 2214 587 2259 sui!

146 2295 216 2357 (l)
250 2293 366 2340 Tam
406 2292 630 2341 Henricus
675 2306 760 2339 vm
807 2308 950 2356 quam
987 2292 1086 2355 ejus

79 2375 173 2423 filia
190 2374 450 2421 Elisabeiha
468 2374 553 2420 sub
573 2374 787 2437 gravibus
806 2375 950 2438 poenis
974 2387 1087 2420 con-

78 2457 206 2518 jugio
223 2453 408 2502 clericos
435 2450 793 2502 interdixerunt.
831 2455 1001 2502 Notum
1020 2463 1087 2501 est

82 2536 360 2584 anecdotum
397 2534 665 2594 Craumeri‚
697 2552 844 2600 quum
870 2536 1015 2582 voluit
1038 2537 1088 2580 in

82 2617 295 2681 Angliam
331 2616 619 2663 introducere
671 2633 858 2663 uxorem
882 2619 901 2672 ‚'
945 2633 1087 2680 quam

82 2698 274 2745 duxerat
305 2700 355 2744 iu
382 2696 638 2744 Germania.
676 2696 842 2744 Adhuc
863 2696 1087 2759 professo-

83 2797 152 2828 res
196 2778 551 2827 Universitatum
609 2776 995 2842 Cantabrigiensis
1046 2787 1089 2825 et

84 2860 352 2909 Oxouiensis
368 2870 581 2908 tenentur
595 2861 652 2907 ad
669 2859 948 2908 caelibatum.
969 2859 1088 2906 Cum

85 2941 201 2990 Geb.
219 2941 446 2990 Truchses
462 2943 829 3006 archiepiscopus
845 2940 1090 2988 Colonien-

86 3024 146 3068 sis
180 3022 413 3071 defecisset
448 3023 504 3071 ad
543 3023 966 3070 protestantismum
990 3057 1004 3080 ‚
1038 3039 1092 3070 ac

88 3102 147 3149 de
172 3120 295 3151 more
315 3122 444 3152 suam
469 3115 512 3153 et
531 3108 629 3168 ipse
658 3106 860 3153 duxisset
877 3122 1085 3163 uxorem,

91 3183 350 3233 Elisabetha
387 3187 508 3235 hanc
532 3188 589 3235 ad
618 3205 724 3236 eum
742 3186 979 3250 epistolam
1006 3187 1088 3235 de-

94 3265 162 3318 dit
207 3285 219 3312 :
262 3263 535 3315 Proedilecte
571 3267 777 3316 Domine
800 3269 821 3314 .'
868 3267 1004 3314 Dum
1058 3285 1090 3315 a

94 3346 224 3393 vobis
251 3356 470 3414 concepta
494 3350 656 3413 fuerat
682 3351 880 3397 intentio
908 3365 992 3396 eeu
1013 3365 1091 3397 vo-

1162 1314 1276 1360 tatis
1302 1313 1573 1371 hauseram,
1603 1321 1789 1362 tantum
1794 1323 1959 1380 postea
1971 1317 2173 1363 contris·-

1163 1396 1302 1444 tahar
1320 1433 1333 1453 ‚
1372 1413 1483 1443 cum
1514 1396 1826 1461 intelliqerem
1855 1400 2174 1446 circumstan-

1165 1479 1259 1523 tiae
1286 1477 1520 1524 connubii
1540 1480 1703 1537 vestri,
1726 1496 1818 1543 per
1829 1495 1947 1542 quas
1966 1479 2176 1529 dilucide

1165 1557 1437 1604 ostendistis
1456 1594 1470 1616 ‚
1508 1558 1564 1604 in
1592 1560 1796 1623 inceptio
1838 1562 2003 1606 ventrio
2043 1560 2176 1625 lonqe

1166 1640 1407 1702 operosius
1423 1646 1663 1703 operatam
1682 1655 1779 1686 esse
1800 1656 1990 1687 carnem
2010 1649 2056 1687 et
2073 1644 2178 1706 ejus

1166 1718 1486 1767 titillationem
1516 1736 1658 1784 qaam
1689 1721 1913 1785 spiritum
1933 1720 2179 1785 reliqionia

1167 1817 1307 1848 verce.
1380 1800 1727 1849 prudentiores
1777 1801 1989 1849 homines
2034 1800 2179 1867 probi

1161 1881 1498 1946 praevidernnt
1527 1882 1851 1945 infortunium
1871 1891 2006 1930 tuum
2022 1920 2034 1942 ‚
2066 1901 2177 1931 cnm

1169 1962 1462 2027 impossibile
1478 1964 1542 2009 eit
1556 1961 1762 2026 feliciter
1785 1965 1989 2011 evenire.
2011 1963 2177 2030 Quare

1169 2059 1267 2090 non
1298 2053 1365 2091 est
1393 2052 1447 2091 ut
1470 2046 1867 2107 conqueramini,
1895 2061 1974 2092 voa
2001 2045 2178 2110 ubique

1169 2124 1335 2172 deseri.
1380 2124 1635 2191 Quidquid
1676 2126 1838 2188 eqistis
1857 2161 1873 2184 ‚
1914 2120 2178 2174 Catholicis

1168 2208 1380 2254 maai-mo
1429 2206 1712 2273 offendiculo
1750 2207 1852 2270 fait
1881 2243 1897 2268 ‚
1951 2224 2101 2272 neque
2144 2225 2177 2256 a

1168 2286 1547 2338 Protestantibue
1576 2290 1869 2355 approbari,
1899 2301 1983 2339 aut
2010 2292 2175 2340 saltem

1166 2383 1356 2438 qratnm
1386 2374 1552 2421 haberi
1561 2382 1766 2439 poterat.
1798 2373 1996 2422 Interea
2016 2383 2176 2423 tamen

1168 2457 1340 2502 intime
1363 2471 1444 2501 cor
1457 2472 1615 2502 meum
1631 2455 1775 2519 afficit
1790 2455 1986 2518 fortuna
2002 2465 2174 2515 vestra,

1169 2554 1309 2600 eoque
1336 2536 1488 2599 Μαρία
1514 2536 1640 2599 quod
1663 2535 1849 2583 nullam
1875 2536 2083 2602 amplius
2099 2554 2178 2586 voa

1169 2616 1439 2680 adjuvandi
1449 2616 1708 2664 remedium
1724 2617 1932 2665 videam.
1960 2617 2179 2667 Ceteram

1134 2735 1137 2739 .
1169 2697 1294 2762 qnod
1321 2715 1351 2745 a
1376 2715 1450 2745 me
1470 2700 1658 2763 petistis
1677 2736 1690 2757 ‚
1721 2707 1776 2745 nt
1802 2699 2077 2763 indnlqeam
2099 2717 2181 2748 vo,—

1170 2779 1242 2826 bis
1256 2779 1596 2827 habitationem
1612 2782 1669 2826 in
1683 2796 1826 2844 reqno
1840 2798 1938 2828 meo
1956 2819 1968 2840 ‚
1995 2784 2174 2841 scitote,

1171 2861 1421 2909 modernas
1476 2870 1739 2926 temporum
1794 2864 2181 2911 circumstantias

1171 2960 1268 2990 non
1299 2942 1454 3007 ferre,
1482 2951 1536 2989 ut
1563 2943 1649 2990 hoc
1684 2960 1714 2990 a
1747 2961 1820 2991 me
1841 2947 2183 3009 permittatur;

1130 3079 1133 3082 ¹
1172 3027 1341 3090 etjam
1383 3024 1530 3088 quato
1572 3041 1673 3071 meo
1715 3025 1846 3090 apud
1881 3025 2078 3090 Haqam
2102 3026 2182 3072 de-

1173 3106 1402 3153 mandavi
1437 3113 1493 3153 nt
1535 3106 1675 3154 iatius
1723 3109 1798 3154 rei
1833 3124 2026 3155 causam
2051 3106 2182 3154 vobio

1170 3191 1372 3254 aperiat.

1542 3271 1815 3318 Euenum
1848 3269 2039 3316 Rite-m.

1310 3350 1365 3399 A.
1400 3350 1458 3398 D.
1499 3367 1514 3398 1
1528 3348 1643 3417 596.

94 3426 253 3475 luntas
283 3427 563 3492 laborandi,
587 3439 642 3478 nt
661 3432 948 3496 Reformatio
960 3430 1105 3479 indu-
1185 3431 1284 3480 Cfr.
1315 3432 1418 3479 The
1446 3431 1649 3480 catholic
1672 3429 1936 3493 Mayazine
1972 3428 2064 3477 vol.
2098 3445 2144 3478 vx
2165 3463 2181 3492 ‚

94 3519 276 3559 ceretur
320 3513 376 3558 in
423 3512 796 3561 archidioeceeim
865 3521 1063 3561 vestram
1084 3552 1098 3576 ‚

97 3593 221 3640 mihi
262 3594 514 3641 admodum
559 3604 696 3658 qrata
737 3604 780 3642 et
823 3594 1102 3659 andituju-

97 3674 258 3723 cunda
279 3675 400 3739 fait.
434 3675 527 3724 Sed
546 3685 778 3740 quantum
797 3676 912 3724 inde
932 3675 1099 3742 volup-

1183 3531 1231 3561 n.
1263 3511 1360 3579 49,
1397 3513 1531 3561 Febr.
1570 3509 1715 3559 1835.

1252 3594 1314 3657 (2)
1352 3594 1593 3642 Neminem
1621 3593 1827 3639 invenire
1862 3593 1948 3638 erit
1979 3607 2036 3639 ex
2057 3605 2184 3655 pres-

1181 3675 1358 3742 byteris
1374 3685 1453 3724 aut
1467 3674 1691 3738 religiosis
1707 3709 1721 3735 ,
1748 3675 1828 3740 qui
1855 3671 2106 3722 identidem
2128 3669 2186 3720 ad

1851 3752 1944 3810 13.
