2508 4120
2070 141 2193 201 315

431 166 557 204 CAP.
607 168 695 203 111.
745 167 813 202 DE
857 165 1255 203 IMPEDIMENTIS
1300 164 1639 202 MATRIMOMI
1669 188 1683 216 7
1730 163 1847 200 ETC.

86 319 318 368 matura·
334 352 356 379 ,
388 313 680 368 statuitur
708 311 826 390 leffe
861 320 1142 376 naturam
1174 312 1557 387 inquantum
1579 317 1663 365 est
1686 307 2186 376 Sacramentum,

83 408 374 463 statuitur
377 408 529 482 jure
549 405 789 472 clivium·
824 409 892 462 in
916 414 1215 482 quantum
1239 413 1323 461 est
1346 407 1415 460 in
1440 402 1689 478 officium
1712 404 2190 469 communitatis,

82 504 376 557 statuitur
406 501 523 578 leqe
551 500 754 556 civili·
773 498 862 558 Et
889 499 1016 571 ideo
1047 518 1119 554 ea’
1154 498 1422 575 qualibet
1443 496 1748 554 dictarum
1779 498 1972 574 leyum
2005 504 2194 575 potest

80 599 294 675 aliqua
330 617 588 675 persona
637 595 784 672 effici
827 596 914 652 acl
961 594 1426 653 Matrimonium
1478 593 1952 651 contrahendum
1999 594 2190 671 illegi-

82 696 234 750 tima
261 691 462 772 (1).5ο
488 691 638 749 Hinc
669 710 973 770 nunquam
996 698 1186 768 potest
1209 688 1344 746 satis
1369 686 1768 746 commendari
1796 686 2036 746 Concilii
2063 688 2112 746 Τ
2112 686 2186 745 ri-

83 785 313 844 dentini
343 784 665 844 moderatio
705 795 881 864 atque
910 783 1191 864 sapientia
1213 827 1230 857 ‚
1270 780 1429 863 quod
1454 781 1720 844 definivit
1759 781 1995 863 quidem
2021 803 2191 864 posse

79 878 390 938 Ecclesiam
417 878 838 961 impedimenta
868 878 1217 936 constituere
1231 922 1247 952 ,
1273 887 1334 936 et
1358 876 1434 936 de
1454 877 1636 935 causis
1660 876 2187 935 matrimonialibus

80 993 456 1053 cognoscere,
493 985 553 1032 at
582 993 885 1052 nunquam
911 971 1214 1045 definivit,
1251 993 1366 1052 quo
1387 975 1519 1049 jure
1539 1016 1554 1043 .‚
1590 982 1788 1029 utrum
1822 970 2036 1030 scilicet
2078 991 2189 1028 na-

80 1067 231 1141 tivo,
266 1090 341 1126 an
366 1088 504 1128 vero
535 1088 566 1125 a
597 1066 958 1148 Principibus
989 1066 1416 1124 communicato
1442 1064 1503 1123 id
1529 1066 1731 1146 possit.
1781 1066 1847 1123 60
1870 1064 2039 1137 Quod
2064 1066 2187 1122 Van

79 1164 272 1244 Espen
320 1162 730 1243 animadvertit
754 1207 770 1237 7
812 1161 1068 1221 scribens
1115 1185 1129 1219 t
1162 1162 1565 1240 Nequaquam
1591 1162 1986 1229 dubitamus’,
2033 1163 2187 1238 quin

76 1257 347 1316 Ecclesia
367 1259 584 1316 haheat
599 1260 1015 1316 auctoritatem
1042 1258 1274 1315 similia
1302 1257 1731 1335 impedimenta
1760 1257 1784 1336 (
1807 1255 2139 1314 dirimentia
2162 1255 2188 1334 )

76 1353 438 1423 inducendi,
474 1355 663 1430 'prcut
695 1373 817 1431 per
854 1351 1192 1411 Concilium
1249 1351 1679 1410 Tridentinum
1725 1351 2038 1430 definitum
2071 1358 2188 1414 e8t;

74 1447 179 1502 secl
208 1457 265 1503 et
293 1447 396 1504 hoc
414 1447 738 1523 fatendum
769 1456 852 1504 est
864 1489 889 1517 ,
934 1447 1267 1504 Concilium
1299 1466 1419 1503 non
1461 1445 1827 1523 definivisse,
1870 1455 2084 1502 utrum
2116 1462 2189 1500 em

78 1540 304 1597 Christi
323 1543 730 1611 institutione,
754 1542 843 1598 vel
864 1550 1078 1600 utrum
1103 1563 1177 1600 ca·
1197 1541 1568 1618 Principum
1597 1541 1980 1619 indulgentia
2003 1544 2191 1599 tacita

72 1634 166 1691 vel
190 1655 464 1712 expressa
500 1635 625 1692 lloec
653 1639 979 1693 auctoritas
1010 1636 1348 1694 inducendi
1370 1634 1803 1713 impedimenta
1834 1635 2187 1695 dirimentia

73 1728 354 1788 Ecclesiae
388 1740 676 1812 competat
702 1727 820 1809 (2).
850 1731 1013 1809 Ergo.
1064 1762 1072 1774 ·

154 1822 295 1879 206.
326 1824 497 1903 Resp.
526 1823 615 1882 Ad
646 1825 751 1898 1ΠΙ
774 1825 930 1882 Dist
956 1828 1102 1902 maj.
1128 1824 1565 1882 Matrimonium
1587 1823 1800 1905 passim
1821 1823 2031 1882 dicitur
2053 1845 2184 1882 con·

73 1926 290 1973 tractus
311 1916 492 1976 civilis
515 1918 591 1976 ad
614 1869 959 1999 digriitatem
977 1920 1332 1977 Sacramenti
1364 1941 1396 1977 a
1425 1917 1654 1977 Christo
1682 1928 1915 1979 evectus
1934 1963 1951 1992 ,
1986 1917 2182 1977 latiori

73 2032 246 2068 sensu
269 2022 329 2070 et
349 2012 666 2093 improprie
685 2058 701 2087 7
727 2033 921 2081 conc.,·
943 2014 1142 2071 stricto
1164 2034 1338 2071 sensu
1365 2024 1425 2072 et
1444 2014 1678 2095 proprie
1698 2058 1714 2088 ‚
1747 2035 1877 2092 neq.
1906 2013 1997 2073 Sic
2022 2014 2183 2073 enim

73 2105 496 2167 Canonistaeet
531 2107 806 2187 Theologi
843 2107 1005 2189 loqui
1036 2118 1464 2168 consueverunt
1495 2153 1511 2182 .,
1551 2117 1838 2188 quatenus
1870 2107 2182 2166 Matrimo-

71 2199 237 2258 nium
271 2201 334 2258 in
374 2197 643 2261 societate
686 2203 1082 2277 contrahitur,
1132 2224 1253 2260 non
1295 2212 1491 2261 autem
1535 2212 1824 2283 quatenus
1864 2202 2183 2280 significare

6 2341 8 2343 v
70 2296 300 2373 praecise
314 2296 653 2373 intendunt,
669 2298 827 2378 quod
846 2297 1104 2357 Christus
1124 2297 1198 2355 ad
1215 2297 1560 2376 dignitatem
1577 2297 1935 2355 Sacramenti
1951 2297 2144 2357 evexit
2162 2321 2180 2368 3

73 2388 120 2444 si
151 2390 411 2468 quivero
435 2403 572 2450 sunt
590 2436 606 2466 ,
634 2393 733 2473 qui
754 2391 918 2451 illam
941 2392 1230 2474 loquendi*
1243 2391 1559 2450 formulam
1589 2412 1786 2470 presse
1812 2411 1877 2449 ac
1905 2391 2182 2450 severiori

74 2501 246 2540 sensu
284 2483 631 2561 adhibeant,
660 2507 970 2567 perperam
999 2508 1234 2568 prorsus
1254 2507 1385 2545 eam
1419 2497 1702 2567 usurpant
1735 2484 1847 2566 (3)..
1876 2487 1993 2545 Nec
2021 2485 2182 2545 enim

140 2674 203 2737 (l)
241 2670 416 2737 Suppl.
464 2690 513 2737 q.
552 2670 652 2732 50,
681 2683 765 2721 art.
802 2691 884 2720 un.
931 2673 990 2721 ad
1035 2672 1087 2736 4.
1132 2734 1135 2738 ¹

70 2755 247 2804 Similia
275 2755 412 2802 habet
431 2752 481 2800 S.
506 2753 676 2801 Doctor
692 2791 704 2813 ‚
741 2754 919 2802 Contra
940 2753 1087 2803 Gent.

69 2838 157 2887 lib.
186 2847 232 2885 iv
248 2871 264 2897 ‚
295 2854 398 2900 cap.
421 2833 503 2900 78,
533 2835 613 2882 ubi
636 2836 793 2883 scribit
811 2854 824 2884 :
840 2832 908 2882 Iu
931 2852 1088 2900 quan-

1243 2674 1311 2737 (2)
1345 2674 1457 2722 Loc.
1488 2676 1570 2722 cit.
1945 2739 1949 2746 r

1238 2755 1304 2820 (3)
1343 2756 1467 2804 Inter
1511 2764 1684 2803 ceteros
1722 2757 1784 2802 ita
1823 2755 2034 2821 loquitur
2061 2754 2180 2804 San-

1166 2836 1304 2895 chez,
1323 2837 1406 2884 De
1426 2837 1748 2897 matrimonio,
1766 2847 1879 2883 tom.
1893 2852 1930 2883 11
1943 2873 1960 2898 ‚
1981 2835 2069 2885 lib.
2093 2850 2179 2897 vn,

70 2918 351 2981 tumiyitur
379 2917 793 2980 (Matrimonium)
830 2917 1087 2965 ordinatur

69 2999 134 3047 ad
159 3000 334 3047 bonum
358 3009 545 3048 naturoe
562 3037 574 3061 ‚
605 3000 730 3065 quod
750 3009 818 3046 est
834 3001 1080 3066 perpetui-

69 3090 142 3128 tas
167 3082 370 3145 speciei,
401 3081 636 3144 dirigitur
660 3083 715 3127 in
745 3082 894 3145 finem
935 3099 965 3130 a
989 3099 1081 3129 na-

74 3170 183 3209 tura
205 3161 514 3210 inclinante
493 3179 550 3209 m
582 3162 711 3210 huuc
737 3163 924 3226 finem-‚-
947 3166 1080 3211 etsie

68 3243 249 3289 dicitur
275 3252 464 3290 naturoe
497 3243 724 3308 officium.
751 3241 820 3290 In
847 3253 1079 3308 quantum

70 3339 177 3370 vero
211 3322 463 3370 ordinatur
486 3323 550 3372 ad
582 3324 757 3371 bonum
779 3324 1031 3389 politicum
1061 3363 1076 3390 ,

73 3404 282 3469 subsacet
317 3404 611 3452 ordinationi
651 3403 809 3453 civilis
854 3403 985 3470 leqis.
1019 3405 1085 3453 In

5 3536 9 3543 ,
71 3497 304 3552 quantum
335 3494 493 3533 autem
534 3487 786 3535 ordinatur
814 3489 877 3535 acl
908 3488 1083 3537 bonum

73 3568 302 3616 Ecclesiae
319 3605 333 3624 ,
364 3576 540 3633 oportet
566 3568 691 3632 quod
702 3570 944 3634 subjaceat
963 3573 1084 3635 reqi-

75 3652 202 3696 mini
236 3649 564 3698 ecclesiastico.

1165 2919 1285 2983 disp.
1324 2935 1352 2966 2
1376 2956 1390 2979 ‚
1418 2936 1554 2967 num.
1582 2936 1610 2966 2
1635 2955 1649 2977 ‚
1679 2917 1781 2975 ubi,
1814 2937 1920 2967 oum
1953 2921 2184 2968 statuisset

1162 3018 1290 3065 posse
1341 3000 1573 3065 Principes
1624 3018 1794 3065 ponere
1840 3000 2180 3066 *impedimenta

1162 3082 1511 3130 Matrimonium
1526 3080 1791 3131 dirimentia
1811 3119 1824 3141 ‚
1848 3083 1990 3129 etiam
2020 3091 2183 3145 quate-

1161 3182 1248 3210 nus
1275 3174 1340 3211 est
1367 3162 1717 3212 Sacramentum
1738 3200 1753 3219 ,
1768 3164 1917 3227 pergit
1942 3178 1955 3211 ε
1985 3158 2082 3209 Neo
2104 3161 2182 3208 ob·

1159 3253 1253 3292 stat
1318 3245 1582 3310 Principis
1645 3242 1878 3292 secularis
1923 3243 2181 3308 potestati,

1168 3327 1545 3376 stlatrimonium
1632 3343 1728 3389 esse
1795 3324 2179 3373 Sacramentum.

1173 3407 1306 3474 Quia
1336 3410 1442 3474 ejus
1475 3409 1677 3455 materia
1708 3415 1776 3453 est
1807 3414 2076 3454 contractus
2108 3408 2180 3452 ci-

1166 3489 1278 3537 vilis
1291 3510 1310 3550 ;
1334 3507 1426 3554 qua
1451 3491 1634 3536 ratione
1650 3487 1856 3552 perinde
1877 3496 2029 3554 potest
2058 3485 2181 3534 illud

1167 3588 1224 3619 ex
1255 3589 1400 3620 causa
1420 3573 1563 3636 justa
1587 3571 1784 3618 irritare
1801 3608 1814 3630 ‚
1843 3587 1899 3618 ac
1933 3571 1980 3617 si
2006 3569 2183 3617 Sacra-

1167 3661 1375 3699 mentum
1398 3669 1496 3699 non
1516 3660 1632 3699 esset
1652 3689 1664 3710 ,
1700 3650 1934 3699 reddendo
1946 3663 2181 3715 personas
