2508 4120
285 112 400 172 184

991 135 1310 173 TnAc'rA‘rUs
1356 137 1423 174 ΒΕ
1467 137 1691 175 omium.

283 278 476 336 omnia
510 276 760 358 hospitia
795 295 861 333 ac
891 273 1180 335 domicilia
1214 277 1513 337 charitatis
1545 276 1841 358 aspiciunt·
1866 279 2301 359 Protestantes3
2344 292 2405 341 at

281 373 503 432 steriles
545 372 657 452 ipsi
691 382 865 445 sunt,
908 393 1016 431 nec
1060 372 1363 455 quidpiam
1404 395 1704 455 unquam,
1748 371 1906 454 quod
1949 372 2139 456 aliqua
2178 378 2405 437 ratione

283 467 531 528 conferri
547 467 729 546 possit
744 488 877 526 cum
896 469 1359 529 institutionibus
1375 469 1828 540 Catholicorum„
1847 469 1982 528 licet
2002 491 2139 528 vero
2153 475 2406 533 maxime

282 562 577 622 voluerint
619 574 679 621 et
719 575 960 622 conatus
1004 586 1207 624 omnes
1253 587 1320 624 eo
1363 565 1683 625 direxerint
1708 610 1724 640 .,
1768 565 1883 622 nisi*
1926 576 2270 646 pertenuem
2310 570 2410 629 vix

286 655 559 715 umbnam
583 660 646 716 in
676 659 792 716 suis
832 659 1258 719 imitationibus
1281 661 1677 743 protulerunt.
1716 661 1822 719 Vix
1847 661 2005 719 enim
2035 662 2407 742 reperiuntur·

282 754 438 811 inter
459 775 555 812 eos
573 800 589 828 a
625 754 724 835 qui
749 754 935 813 velint
967 777 1027 814 se
1053 756 1340 817 devovere
1369 769 1458 816 tot
1482 757 1802 831 sacrificiiS,
1827 756 1950 815 sine
1988 756 2104 815 ulla
2131 757 2411 818 mercedis

281 870 419 932 spe,
447 849 520 908 ad
545 851 893 910 miserorum
912 846 1231 929 levameng
1268 875 1460 935 neque
1482 900 1499 930 ,
1530 853 1641 914 etsi
1666 862 1969 934 optarent,
2003 865 2241 932 possent
2260 899 2277 929 ‚
2305 854 2414 913 do·

282 947 533 1005 mesticis
562 948 712 1006 curis
746 947 970 1006 detenti
1008 970 1073 1007 ac
1109 949 1413 1032 praepediti
1447 950 1558 1029 (1).

369 1042 511 1101 222.
561 1042 781 1103 Exinde
802 1042 1020 1103 factum
1044 1056 1133 1104 est
1154 1091 1170 1120 a
1196 1057 1262 1103 ut
1284 1046 1519 1105 nonnisi
1544 1045 1859 1126 languente
1887 1056 1955 1105 ac‘
1981 1045 2285 1106 deficiente
2302 1042 2416 1104 fide

289 1158 355 1196 ac
380 1139 538 1197 inter
562 1138 759 1200 civiles
790 1152 983 1198 motus
1009 1153 1363 1219 exurgerent
1391 1140 1672 1201 increduli
1694 1187 1709 1216 ,
1739 1140 2028 1221 religionis
2053 1163 2117 1201 ac
2132 1141 2416 1201 societatis

289 1232 486 1293 hostes
509 1236 818 1311 teterrimi,
845 1236 1125 1297 adversus
1152 1236 1588 1296 Catholicorum
1609 1236 1966 1297 caelibatum.
1999 1239 2184 1316 Hujus
2214 1249 2418 1296 tamen

289 1332 514 1409 generis
555 1332 821 1391 homines
859 1344 926 1390 ut
962 1331 1284 1414 plurimum
1319 1355 1352 1391 a
1383 1332 1642 1413 legitimo
1671 1333 1934 1411 conjugio
1965 1331 2317 1406 abhorrent,
2356 1340 2436 1412 ut,

292 1427 617 1486 caelibatum
655 1428 1000 1488 libertinum
1031 1441 1457 1488 consectentur.
1495 1431 1709 1489 Verum
1739 1452 1810 1488 ex
1852 1429 1962 1488 hoc
1999 1452 2153 1497 nova
2187 1429 2335 1487 ratio
2358 1449 2418 1487 se

293 1545 355 1582 se
387 1525 558 1583 offert.
575 1524 936 1606 principibus
959 1547 1022 1583 ac
1050 1526 1199 1585 veris
1225 1525 1471 1605 politicis
1499 1536 1619 1582 tam
1648 1525 1962 1583 salutarem
1989 1524 2420 1583 institutione-m

295 1618 368 1677 ab
403 1621 651 1679 istorum
683 1621 874 1678 stultis
901 1619 1420 1679 declamationibus
1450 1619 1654 1680 tuendi
1675 1666 1691 1696 .,
1725 1631 1934 1702 utpote
1970 1631 2057 1678 tot
2088 1619 2379 1678 bonorum
2401 1663 2418 1694 7

364 1844 428 1908 (l)
450 1845 700 1894 Innumera
720 1863 837 1910 pene
862 1854 968 1892 sunt
998 1845 1203 1891 instituta
1214 1843 1317 1890 cha-

296 1928 442 1974 ritatis
462 1964 475 1984 ‚
505 1927 675 1992 quibus
716 1929 801 1973 viri
832 1943 884 1973 ac
911 1925 1125 1974 mulieres
1162 1943 1210 1973 se
1234 1926 1317 1973 de-

296 2020 522 2070 voverunt
537 2027 590 2056 ac
611 2009 835 2057 devovent
850 2009 1011 2056 solatio
1033 2009 1183 2055 omnis
1201 2007 1318 2054 clas-

300 2094 360 2140 sis
405 2094 678 2141 miserorum
701 2129 713 2151 ‚
758 2091 872 2138 adeo
916 2101 967 2138 ut
1002 2097 1148 2138 totam
1179 2092 1318 2136 vitam

298 2177 537 2222 insumant
559 2176 609 2220 in
635 2173 725 2220 illis
750 2173 983 2220 charitatis
1017 2171 1234 2235 operibus
1255 2207 1267 2228 ‚
1294 2187 1319 2216 a

300 2256 471 2322 quibus
506 2266 669 2303 natura
716 2255 929 2302 abhorret
960 2272 973 2315 3
1023 2269 1211 2301 cernere
1255 2261 1320 2299 est

302 2339 484 2386 nobiles
517 2337 692 2403 puellas
714 2376 726 2398 ‚
749 2353 852 2403 quae
878 2336 1073 2384 delicate
1112 2336 1321 2384 enutritae

302 2423 351 2469 in
370 2431 559 2485 paterna
575 2422 712 2468 domo
734 2457 748 2480 ‚
768 2419 1003 2466 mundum
1024 2435 1078 2465 ac
1101 2420 1322 2465 vanitates

304 2518 448 2551 exosae
478 2512 616 2562 sunt,
652 2504 780 2549 ouini
818 2501 1034 2547 humanae
1066 2501 1162 2563 spei
1197 2516 1324 2545 nun-

304 2587 429 2633 cium
446 2587 725 2632 remittentes
739 2623 756 2644 ,
783 2601 830 2631 se
844 2592 959 2630 totas
976 2583 1238 2646 mancipare
1254 2583 1327 2627 in-

306 2668 551 2715 firmorum
582 2684 636 2715 ac
655 2655 904 2731 egenorum
932 2666 1153 2713 molestiis
1183 2675 1227 2712 et
1255 2667 1329 2711 in-

307 2750 564 2797 commodis
604 2747 899 2810 sublevandi*
926 2740 1093 2811 ³-saepe
1126 2759 1330 2811 tempore

310 2829 402 2881 luis
431 2850 484 2880 ac
522 2833 772 2896 contagiosi
821 2829 971 2877 morbi
995 2832 1325 2893 imperterritas

313 2933 409 2963 sese
431 2914 648 2962 exhibere
674 2913 861 2959 illorum
891 2928 1013 2958 curae
1037 2948 1051 2969 ‚
1082 2927 1170 2957 nec
1190 2911 1329 2978 aliam

309 2997 571 3045 mercedem
615 2984 800 3060 praeter,
824 2993 1107 3041 sacrificium
1145 2994 1333 3056 propriae

308 3083 411 3129 vitae
436 3079 524 3127 sibi
546 3094 817 3143 proponere.
845 3074 964 3123 Sane
996 3092 1083 3123 nec
1112 3078 1246 3138 pauci
1262 3092 1334 3122 re-

314 3166 461 3229 ligiosi
489 3172 569 3211 aut
611 3161 983 3210 sanctimoniales
1012 3161 1196 3208 feminae
1222 3196 1234 3217 ,
1265 3159 1334 3206 his

311 3249 539 3294 institutis
567 3246 802 3295 charitatis
832 3244 1021 3291 addicta:
1047 3280 1059 3301 ‚
1086 3244 1253 3291 hilares
1273 3244 1335 3289 vi·

310 3341 404 3378 tani
424 3331 746 3395 profuderunt.
775 3327 912 3375 Plura
936 3330 1175 3392 utriusque
1203 3341 1335 3374 sexus

318 3414 669 3461 individuorum
713 3408 859 3459 millia
898 3411 1071 3476 ubique
1120 3413 1325 3474 gentium

307 3501 360 3547 in
381 3497 581 3545 Ecclesia
602 3497 828 3544 catholica
850 3496 939 3543 hoc
964 3492 1204 3542 heroicum
1235 3497 1336 3542 vitae

319 3597 463 3644 genus
493 3581 744 3627 instituunt
767 3617 780 3639 ‚
808 3596 860 3626 ac
887 3579 1030 3626 maria
1066 3578 1303 3641 trajiciunt
1322 3614 1335 3635 ‚

318 3676 369 3713 ut
411 3666 461 3711 in
505 3660 660 3712 Asiam
689 3699 703 3723 ‚
745 3661 947 3710 Africam
985 3671 1029 3708 et
1082 3660 1339 3708 Amerinam

1403 1843 1528 1907 apud
1550 1842 1768 1891 barbaras
1787 1852 1832 1891 et
1849 1843 2074 1890 silvestres
2099 1844 2305 1889 nationes
2329 1840 2422 1889 hu-

1403 1924 1606 1990 jusmodi
1635 1927 1911 1974 transferant
1929 1925 2245 1973 beneticentiae¹
2263 1941 2420 1988 opera.

1406 2006 1523 2055 Vere
1548 2008 1770 2056 catholica
1794 2009 1952 2072 religio
1990 2008 2205 2056 charitate
2237 2009 2348 2054 vivit
2382 2016 2426 2054 et

1406 2077 1639 2155 operatur.
1671 2091 1840 2138 Contra
1861 2108 1966 2157 vero
1994 2090 2119 2154 apud
2153 2087 2424 2137 acatholicos

1406 2176 1563 2221 omnia
1611 2174 1859 2236 frigescunt
1892 2192 1905 2231 ς
1942 2172 2116 2220 nedum
2164 2171 2377 2220 mulieres
2410 2208 2423 2230 ‚

1407 2256 1486 2303 sed
1514 2257 1599 2320 ipsi
1635 2257 1863 2314 ministri,
1894 2264 1947 2302 ut
1971 2265 2165 2313 vocant,
2196 2264 2428 2302 sectarum

1409 2355 1504 2385 non
1540 2337 1690 2385 solum
1738 2337 1806 2385 nil
1832 2321 2085 2403 *ejusmodi
2136 2337 2425 2395 moliuntur,

1411 2422 1488 2467 sed
1525 2422 1582 2469 ad
1626 2424 1811 2469 minimi
1856 2419 2049 2485 periculi
2082 2419 2350 2484 adspectum
2384 2433 2433 2467 se

1411 2504 1655 2551 retrahunt
1685 2521 1738 2551 ac
1768 2504 1979 2566 fugiunt,
2019 2502 2104 2550 sub
2135 2504 2284 2567 specie
2306 2499 2433 2567 quod

1413 2585 1563 2634 nolint
1590 2588 1639 2632 in
1676 2588 1881 2651 proprias
1904 2585 2069 2632 domus
2099 2585 2222 2632 luem
2268 2584 2434 2631 inferre

1415 2680 1553 2734 atque
1582 2672 1780 2716 uxoriae
1812 2669 1919 2715 filiis
1952 2670 2202 2732 perniciem
2235 2667 2434 2713 conscis—

1417 2769 1532 2799 cere.
1583 2750 1648 2798 lta
1686 2760 1988 2815 reposuerunt
2030 2750 2215 2795 nonita
2253 2746 2435 2811 pridem

1419 2835 1615 2880 ministri
1649 2842 1944 2897 protestantes
1978 2832 2027 2877 in
2063 2829 2259 2876 statibus
2294 2830 2437 2877 foede-

1418 2918 1527 2962 ratis
1558 2915 1774 2962 Amerieae
1795 2950 1807 2971 ‚
1845 2930 1951 2960 cum
1987 2912 2083 2959 lues
2115 2911 2267 2959 indica
2299 2913 2440 2976 regio·

1420 3014 1502 3044 nes
1539 2996 1642 3043 illas
1680 2995 2066 3060 depopularetur3
2105 2997 2166 3041 ita
2205 2994 2442 3058 respondit

1422 3096 1545 3126 anno
1578 3079 1730 3143 elapso
1777 3078 2143 3141 archiepiscopus
2176 3077 2440 3141 anglicanus

1422 3161 1724 3209 Dublinensis
1738 3160 2168 3225 exprobrationibus
2183 3178 2293 3225 quas
2305 3177 2439 3224 prop-

1423 3255 1542 3292 terea
1574 3248 1795 3292 sustinere
1825 3241 2089 3307 cogebatur.
2117 3243 2222 3290 Esto
2244 3258 2256 3303 3
2278 3257 2436 3288 verum

1424 3346 1580 3375 nonne
1608 3326 1834 3389 ejusmodi
1864 3328 2177 3374 excusationes
2203 3325 2437 3371 meliorem

1424 3412 1737 3458 conditionem
1766 3427 1861 3457 esse
1883 3407 2124 3456 caelibatus
2149 3406 2437 3455 ecclesiastici

1420 3494 1706 3540 ostendunt?
1732 3492 1918 3557 Optima
1954 3501 2163 3555 praeterea
2191 3490 2302 3535 ratio
2334 3497 2433 3546 est,

1422 3578 1531 3641 quia
1546 3576 1940 3642 quemadmodum
1956 3584 2082 3622 extra
2095 3573 2316 3620 unitatem
2330 3587 2435 3617 vera

1422 3659 1567 3720 fides,
1595 3660 1660 3707 sie
1698 3676 1802 3709 vera
1835 3658 2033 3708 charitas
2059 3671 2153 3704 non
2183 3654 2431 3702 invenitur.
