2508 4120
219 93 340 154 412
855 114 1175 154 ’mammos
1218 120 1288 157 nn
1332 120 1710 159 munmomo.

301 259 441 320 343.
470 259 560 319 Ad
582 258 690 332 3¹1²,
709 258 999 338 Negamus
1032 260 1228 343 plane,
1253 264 1619 344 Josephinm,
1646 285 1825 346 quam
1858 276 2092 339 vocant,
2123 271 2352 350 leqisla-

218 360 377 415 tioni
405 376 529 413 non
568 354 743 415 fuisse
778 356 901 416 sive
938 355 1012 415 ab
1049 357 1378 440 Apostolica
1420 358 1568 419 Sede
1608 360 1732 420 sive
1764 357 1846 425 ,ab
1882 360 2354 443 Episcopis-con-

219 461 446 509 stanter
489 461 550 509 et
584 449 1104 514 vehementissime
1143 453 1529 514 reclamatum
1574 454 1684 538 (l).
1738 457 1810 514 Et
1855 476 1994 516 vero
2040 455 2181 516 inde
2226 476 2355 536 spes

217 661 341 707 inter
375 668 525 707 cetera
575 658 810 707 scribebat
838 675 852 708 ε
886 656 992 708 Sur
1030 677 1083 708 ce
1108 662 1255 726 point

217 736 564 807 (conjugiorum
603 740 887 804 mixtorum)
935 741 976 789 il
1021 741 1102 806 n'y
1134 759 1166 790 a
1192 760 1254 791 eu

223 839 417 870 aucune
447 824 753 887 negociation
782 831 914 871 entre
951 823 992 872 le
1019 829 1252 890 nietropo·

219 904 370 953 litain
395 915 440 954 et
470 905 537 954 les
570 907 877 973 suffraqans5
909 909 1035 956 mais
1050 924 1126 956 ces
1146 909 1254 957 der-

217 990 354 1037 niers
369 998 452 1037 ont
468 1024 483 1048 ‚
504 999 654 1038 avant
679 1008 857 1039 comme
887 993 1027 1058 apres
1047 1028 1059 1051 ‚
1094 993 1254 1041 admis

211 1089 346 1137 pour
370 1071 497 1121 leurs
533 1074 738 1121 dioceses
770 1073 818 1122 la
837 1077 1067 1140 pratique
1097 1078 1255 1124 suivie

222 1155 347 1203 dans
377 1154 417 1203 Ie
445 1155 628 1204 diocese
659 1156 716 1204 de
754 1156 977 1222 Coloqne.
1025 1162 1104 1207 La
1130 1176 1253 1225 pra-

221 1240 353 1303 tique
380 1238 595 1286 observee
625 1255 726 1304 par
757 1247 892 1287 notre
933 1239 1253 1289 administra·

222 1322 328 1369 tion
353 1321 630 1369 diocesaine
662 1321 893 1370 touchant
921 1322 989 1370 les
1013 1326 1255 1387 mariaqes

221 1407 396 1454 mioeees
412 1415 478 1454 est
499 1443 513 1466 ‚
539 1406 712 1473 depuis
742 1405 894 1467 1825,
924 1407 972 1455 la
997 1413 1251 1456 suivante:

223 1505 340 1535 sans
383 1489 530 1554 egard
582 1490 614 1538 ὰ
665 1488 959 1538 l'education
1003 1490 1257 1555 reliqieuse

223 1569 308 1617 des
340 1572 516 1635 enfans
535 1571 577 1619 le
598 1574 816 1634 mariaqe
831 1573 910 1619 des
917 1573 1083 1638 futurs
1099 1577 1256 1639 epona·

225 1660 295 1700 est
312 1653 558 1718 proclam&
586 1654 709 1702 dans
724 1653 915 1719 l’eqlise.
950 1653 1091 1703 Dans
1119 1654 1160 1702 le
1176 1672 1257 1704 cas

224 1736 287 1785 οἰι
304 1735 370 1783 les
391 1740 549 1801 epona·
570 1736 696 1800 font,
722 1753 823 1801 par
843 1739 964 1785 ecrit
985 1754 1048 1785 ou
1078 1738 1137 1785 de
1152 1739 1258 1786 vioe

226 1819 341 1866 voia·
365 1818 541 1866 devant
572 1821 777 1867 temoins
797 1857 811 1878 ‚
850 1819 897 1866 la
928 1837 1175 1886 promesse
1201 1821 1259 1869 de

219 1903 354 1967 faire
386 1901 540 1951 elever
574 1911 680 1950 tous
714 1901 842 1951 leurs
862 1902 1037 1968 enfans
1070 1903 1196 1952 dans
1211 1902 1260 1951 la

224 1984 437 2050 reliqion
463 1984 740 2050 catholique
761 2024 773 2043 ‚
810 1984 851 2033 il
883 1995 951 2033 est
972 1988 1161 2051 permis
1191 2003 1260 2034 au

227 2072 342 2116 cure
374 2066 641 2133 catholique
659 2104 675 2124 ,
712 2071 883 2116 ceteris
910 2068 1062 2117 salvis
1084 2107 1099 2129 ‚
1124 2067 1260 2117 d'as·

227 2160 371 2204 sister
394 2172 462 2203 au
493 2158 709 2220 mariaqe
724 2175 744 2216 ,-
779 2159 906 2204 mais
936 2158 983 2204 si
1011 2164 1127 2205 cette
1146 2174 1261 2223 pro-

228 2255 379 2286 messe
413 2238 534 2286 n’est
557 2254 653 2304 pas
685 2238 870 2285 donnee
898 2276 911 2297 ‚
946 2237 989 2285 le
1026 2244 1142 2286 cure
1179 2256 1261 2288 ca-

228 2320 442 2385 tholique
489 2330 559 2368 est
600 2329 746 2379 tenu,
780 2320 920 2385 apres
962 2319 1028 2367 les
1069 2318 1263 2385 procla-

232 2407 447 2455 mations
465 2404 614 2470 faites
630 2443 644 2462 ,
662 2404 719 2452 de
742 2403 952 2452 delivrer
969 2404 1000 2452 ὰ
1026 2403 1074 2452 la
1097 2406 1265 2470 partie

230 2488 498 2553 catholique
545 2489 878 2535 testimonium
928 2485 1165 2535 libertatis
1203 2485 1264 2534 ab

232 2571 366 2620 omni
381 2571 723 2637 impedimento
736 2571 969 2618 canonico
985 2569 1263 2617 dirimente.

233 2653 523 2702 Desormais
547 2653 589 2701 le
621 2657 736 2702 cure
757 2652 1024 2718 catholique
1060 2653 1141 2700 n’a
1151 2651 1268 2718 plus

235 2739 267 2786 ὰ
286 2738 530 2803 s'occuper
546 2738 603 2785 de
623 2736 672 2785 la
699 2737 985 2786 celeb-ration
1017 2735 1270 2802 reliqieuse

235 2824 304 2870 du
331 2824 568 2887 mariaqe.
595 2819 657 2872 Si
675 2859 688 2882 ‚
726 2823 867 2888 apres
890 2820 936 2868 la
960 2836 1259 2869 consomma-

234 2907 341 2953 tion
374 2903 524 2952 d'une
552 2903 805 2952 semblable
842 2905 996 2953 union
1021 2942 1034 2962 ‚
1071 2901 1260 2968 l'epoux

237 2986 503 3052 catholique
515 3003 563 3034 se
572 2991 792 3053 presente
810 3004 876 3034 au
891 2988 1023 3033 saint
1048 2983 1267 3033 tribunal

1335 662 1392 710 de
1428 661 1618 727 l’epoux
1665 661 1905 726 heretique
1945 671 1991 710 et
2043 662 2125 712 des
2165 663 2357 728 enfans.
2422 683 2433 692 2

1336 743 1640 792 Neanmoins
1653 744 1700 792 la
1722 746 1932 808 fioeation
1953 745 2023 794 du
2049 753 2201 812 temps
2215 745 2361 795 deora

1334 829 1429 875 e'tre
1443 826 1609 875 laissee
1624 845 1690 875 au
1692 830 1949 894 juqement
1979 828 2046 876 du
2071 829 2359 893 confesseur.

1338 908 1445 957 Par
1480 919 1552 958 cet
1586 915 1755 976 expos&
1783 910 1924 976 fidele
1964 911 2045 959 des
2082 911 2235 975 faits,
2266 923 2358 961 etc.

1337 991 1408 1040 Ita
1430 993 1621 1059 quidem
1650 993 1837 1059 Hiisgen
1862 993 2092 1042 sentiebat
2111 1005 2155 1042 et
2187 994 2359 1058 scribe-

1337 1075 1436 1125 bat.
1467 1094 1547 1124 an.
1591 1073 1746 1125 1828.
1786 1076 1923 1125 Nunc
1953 1092 2061 1125 vero
2094 1093 2151 1125 ex
2189 1077 2358 1137 literis,

1337 1175 1442 1227 quae
1481 1178 1578 1207 non
1606 1162 1669 1227 ita
1696 1161 1876 1225 pridem
1917 1161 2012 1209 huc
2042 1173 2356 1227 pervenerunt

1337 1261 1363 1291 a
1381 1245 1478 1290 viro
1492 1242 1585 1291 fide
1601 1242 1889 1308 dignissimo,
1913 1251 2055 1308 patet,
2082 1262 2190 1292 eum
2209 1282 2222 1304 ‚
2237 1261 2363 1292 com-

1337 1335 1517 1374 mutato
1551 1326 1744 1374 consilio
1772 1361 1789 1386 ‚
1828 1326 2028 1391 cogitare
2070 1326 2361 1375 alia'omnia.

1339 1407 1496 1456 Offero
1525 1425 1693 1472 paucas
1729 1409 1897 1456 harum
1915 1410 2171 1457 litterarum
2207 1413 2363 1474 perio-

1339 1491 1439 1539 des.
1472 1490 1595 1557 Quoe
1616 1491 1834 1539 vidimus
1867 1500 1912 1539 et
1942 1491 2257 1549 audivimus,
2277 1500 2365 1539 tes-

1338 1582 1518 1621 tamur.
1554 1573 1798 1637 Perquam
1818 1573 2092 1637 infaustum
2122 1573 2262 1620 nobis
2277 1582 2361 1633 est,

1338 1654 1465 1719 quod
1503 1653 1560 1702 V
1557 1655 1740 1702 icarius
1759 1653 2017 1703 Generalis
2035 1654 2243 1719 Husqen
2262 1671 2365 1701 om-

1339 1739 1429 1785 nia
1461 1737 1723 1785 secundum
1749 1737 2043 1784 desiderium
2067 1745 2112 1783 et
2138 1737 2364 1785 volunta-

1340 1828 1431 1865 tem
1463 1808 1843 1868 Protestantium
1868 1827 1911 1866 et
1934 1816 2365 1867 Hermesianorum

1340 1910 1578 1966 operetur.
1599 1902 1660 1950 Si
1682 1903 1794 1967 quis
1811 1900 2055 1967 parochus
2074 1919 2166 1967 pro
2197 1918 2250 1949 re
2266 1901 2367 1949 Ar·

1340 1987 1637 2054 chiepiscopi
1673 1987 1865 2052 fortiter
1905 1988 2114 2046 dixerit,
2160 1995 2247 2036 aut
2278 2004 2370 2053 pro

1341 2070 1502 2119 eodem
1534 2072 1591 2118 in
1626 2069 1796 2136 templo
1819 2072 2061 2133 oraverit,
2095 2069 2175 2118 hic
2206 2071 2369 2118 statim

1343 2153 1408 2199 ad
1446 2161 1673 2200 remotam
1730 2162 1774 2199 et
1832 2161 2022 2199 tenuem
2081 2151 2367 2218 parochiam

1343 2236 1558 2282 mittitur
1588 2272 1600 2292 ‚
1647 2230 1760 2280 licet
1803 2233 1960 2280 decem
2001 2241 2046 2280 et
2099 2234 2247 2280 etiam
2295 2233 2370 2280 vi-

1341 2319 1470 2381 9inti
1514 2333 1757 2365 annorum
1797 2318 1951 2381 spatio
1991 2332 2091 2363 suoe
2130 2314 2372 2380 parochioe

1347 2402 1640 2449 deservierit.
1668 2399 1728 2447 Si
1761 2417 1870 2447 vero
1899 2399 1999 2447 hoec
2033 2398 2213 2464 aqendi
2245 2399 2370 2446 ratio

1348 2482 1503 2532 alicui
1519 2500 1615 2531 uon
1625 2481 1855 2548 placeret,
1883 2482 1960 2531 hic
1978 2482 2134 2530 subito
2160 2481 2221 2529 ab
2235 2482 2374 2529 omni

1349 2568 1631 2615 animarum
1675 2582 1795 2614 cura
1835 2574 2047 2615 arcetur.
2103 2563 2242 2612 Hinc·
2274 2564 2333 2627 fi't
2359 2600 2374 2625 ,

1349 2649 1476 2715 quod
1529 2648 1747 2698 dioecesis
1815 2657 1980 2696 nostra
2043 2649 2057 2709 (
2083 2646 2376 2695 Coloniensis

1352 2733 1603 2795 videlicet)
1639 2732 1833 2798 optimis
1857 2730 2136 2797 pastoribus
2165 2729 2373 2777 orbetur.

1343 2813 1515 2864 Plures
1556 2814 1804 2882 parochioe
1834 2822 1922 2862 aut
1957 2822 2130 2862 vacant
2179 2820 2266 2859 aut
2317 2811 2377 2858 ab

1345 2898 1689 2947 Hermesianis
1723 2905 2040 2963 occupantur,
2075 2905 2166 2944 etc.
2203 2895 2378 2959 Quam-

1346 2985 1415 3031 vis
1447 3001 1473 3029 a
1501 2981 1550 3030 S.
1572 2980 1691 3029 Sede
1721 2998 1991 3029 concessum
2025 2979 2095 3027 illi
2127 2980 2267 3026 fuerit
2300 2978 2380 3026 Vi-

239 3070 367 3119 dela
390 3072 675 3136 penitence,
706 3071 815 3119 rien
845 3086 906 3116 ne
933 3070 1142 3134 s'oppose
1169 3069 1266 3116 doe
1350 3069 1531 3114 carium
1571 3065 1836 3129 generalem
1897 3080 2028 3127 agere
2068 3063 2154 3110 hac
2205 3061 2381 3126 duplici

239 3154 361 3219 qu’il
386 3156 480 3202 soit
505 3153 666 3201 admis
691 3154 722 3202 ὰ
740 3152 787 3202 la
812 3153 1169 3219 participation
1186 3152 1267 3200 des
1351 3149 1510 3197 addita
1535 3148 1635 3212 lege
1651 3185 1663 3207 ,
1694 3155 1738 3193 ι0
1765 3158 1816 3194 ut
1839 3149 1888 3194 in
1921 3146 2232 3194 Matrimoniis
2267 3142 2384 3190 mix-

244 3254 511 3285 sacremens
532 3276 544 3295 ‚
573 3238 741 3285 ceteris
760 3235 910 3284 salvis
932 3273 945 3294 ‚
965 3235 1090 3283 dans
1122 3234 1163 3282 le
1188 3252 1270 3283 cas
1354 3235 1409 3278 tis
1455 3230 1678 3279 servanda
1719 3238 1898 3277 curaret
1928 3266 1941 3286 ‚
1992 3244 2097 3294 quae
2150 3229 2197 3273 in
2249 3223 2383 3273 Brevi

246 3324 309 3370 ou
345 3320 384 3369 le
421 3323 696 3386 confesseur
744 3319 786 3368 le
825 3329 990 3368 trouve
1032 3321 1273 3367 vraiment
1355 3315 1427 3362 Pii
1456 3331 1535 3362 vm
1578 3315 1749 3362 sancita
1773 3322 1900 3360 erant
1938 3319 1983 3359 et
2015 3319 2069 3356 2⁰
2099 3319 2149 3357 ut
2195 3307 2384 3356 Herme-

245 3409 496 3469 repentant
520 3403 578 3451 de
598 3403 646 3451 la
662 3403 912 3451 demarcho
935 3401 1054 3468 qu’il
1086 3419 1116 3449 a
1127 3402 1272 3467 faite,

243 3496 288 3536 et
329 3490 562 3552 empresse
598 3484 889 3552 d’employer
930 3485 978 3533 la
1016 3484 1225 3533 douceur
1266 3523 1277 3545 ‚

241 3586 338 3616 une
377 3571 673 3617 instruction
701 3571 1018 3636 appropries,
1047 3568 1095 3617 la
1122 3568 1284 3635 priere

1359 3401 1510 3446 sianos
1547 3400 1597 3444 in
1618 3396 1770 3444 officio
1795 3396 2068 3443 contineret.

1436 3480 1507 3544 (1)
1548 3478 1847 3544 Quicumque
1880 3476 1937 3524 de
1969 3477 2044 3523 his
2067 3514 2079 3534 ,
2129 3472 2385 3538 expostula-

1370 3563 1578 3613 tionibus
1608 3565 1775 3611 certior
1806 3561 1905 3608 fieri
1944 3560 2115 3624 cupiat,
2168 3557 2278 3604 satis
2318 3565 2387 3602 est

241 3661 287 3700 et
319 3651 359 3700 le
380 3653 473 3702 bon
505 3651 715 3718 exemple
735 3669 867 3718 pour
899 3656 1063 3718 operer
1087 3651 1129 3700 le
1158 3650 1287 3699 salut
1369 3660 1418 3698 ut
1446 3648 1615 3698 recolat
1645 3649 1866 3711 rescripta
1895 3644 1962 3693 Pii
2000 3662 2045 3692 vi
2067 3679 2081 3705 ‚
2121 3660 2224 3710 quae
2255 3642 2387 3707 paulo
