2508 4120
356 88 475 149 338

985 103 1303 142 TRACTATUS
1347 105 1414 140 DE
1457 106 1833 145 MA‘rluuomo.

354 252 620 312 tribuunt
646 248 798 326 leges
832 244 1164 317 sanciendi,
1189 244 1398 326 quibus
1423 246 1779 307 dirimantur
1814 248 2280 315 Christianorum
2315 278 2460 316 con-

350 346 538 425 jugia,
577 361 836 423 quasque
872 339 1136 422 superius
1174 339 1528 419 diSJecimuS.

430 437 571 497 239.
617 436 707 495 Ad
740 437 858 511 ἵζω,
889 437 1181 514 Negamus
1209 435 1402 516 quoad
1440 458 1643 497 omnes
1674 459 1805 498 suas
1839 451 2055 521 parteS.

427 533 571 592 240.
625 531 714 591 Ad
746 530 829 590 3ιῙι
850 576 866 604 7
904 551 1004 590 seu
1039 529 1115 590 ad
1142 532 1222 589 lm
1246 531 1415 613 prob.
1466 533 1622 592 Dist.
1653 534 2124 612 Matrimonium,
2163 537 2297 598 licet
2334 562 2462 604 eve-

351 641 509 690 ctum
523 628 598 686 sit
623 626 696 686 ad
719 625 1065 707 dignitatem
1081 627 1439 687 Sacramenti
1458 673 1473 703 7
1503 649 1623 687 non
1647 628 1779 689 ideo
1802 630 1974 691 desiit
1996 654 2118 693 esse
2140 645 2463 698 contractus

350 722 632 783 naturalis
658 721 720 780 in
748 743 853 780 suo
882 734 1167 804 conceptu
1191 722 1420 782 formali
1437 768 1453 796 7
1485 735 1772 805 quatenus
1810 737 2010 787 mente
2033 750 2064 787 a
2091 729 2463 790 Sacramento

349 820 759 900 distinguitur,
796 839 987 887 conc.;
1023 820 1250 878 ratione
1286 820 1372 879 sui
1398 865 1412 894 7
1452 831 1737 902 quatenus
1764 821 2156 883 identificatur
2187 845 2322 884 cum
2361 827 2467 885 Sa-

348 927 648 977 cramento
664 960 680 992 7
697 937 826 996 neq.
855 915 1173 997 Responsio
1188 925 1351 996 patet
1377 937 1449 975 ex
1470 917 1563 989 iis,
1582 933 1708 999 quae
1725 917 1899 1000 paulo
1913 931 2049 979 ante
2070 922 2461 1003 exposuimus

347 1014 500 1072 Nam
525 1033 596 1071 ex
627 1032 695 1071 eo
730 1009 888 1093 quod
923 1020 1267 1070 contractus
1291 1012 1606 1093 conjugalis
1639 1035 1758 1073 uno
1796 1013 2117 1096 eodemque
2149 1027 2310 1090 actu,
2349 1037 2464 1098 quo

346 1108 478 1168 talis
510 1107 794 1179 efficitur,
831 1107 1043 1166 evadat
1074 1107 1514 1168 Sacramentum
1547 1113 1714 1187 juxta
1745 1109 1959 1169 Christi
1995 1111 2425 1172 institutionem
2445 1156 2461 1185 7

347 1204 619 1286 quamvis
637 1224 761 1262 non
785 1203 1017 1262 amittat
1043 1203 1331 1263 rationem
1357 1203 1663 1263 formalem
1686 1217 2040 1278 contractus,
2056 1207 2244 1289 reipsa
2261 1218 2462 1267 tamen

349 1299 598 1382 spectari
624 1320 747 1358 non
771 1296 1023 1380 amplius
1053 1309 1247 1379 potest
1272 1299 1385 1357 nisi
1417 1298 1526 1358 sub
1564 1300 1790 1359 ratione
1814 1302 2189 1361 Sacramenti.
2223 1302 2464 1363 Nullum

341 1406 654 1478 propterea
677 1395 900 1453 instans
930 1393 1159 1475 concipi
1176 1405 1395 1476 potest,
1419 1395 1478 1453 in
1507 1417 1622 1477 quo
1646 1417 1677 1453 a
1707 1396 1974 1478 Principe
2005 1398 2257 1457 exerceri
2279 1398 2463 1479 possit

343 1492 407 1549 in
445 1489 626 1549 talem
662 1501 1032 1549 contractum
1063 1500 1358 1570 potestas;
1404 1491 1515 1548 nisi
1551 1490 1738 1551 velint
1780 1491 2129 1560 adversarii,
2168 1492 2463 1551 Christum

348 1588 792 1646 Sacramentum
834 1585 1029 1665 ipsum
1069 1585 1406 1666 Principum
1445 1584 1807 1666 dispositioni
1850 1586 2189 1660 tradidisse,
2237 1588 2462 1647 etiamsi

342 1680 454 1761 ipsi
483 1680 602 1738 sint
622 1679 923 1738 acatholici
953 1690 1012 1739 et
1044 1678 1306 1739 infideles
1332 1681 1442 1760 (l).
1471 1681 1635 1740 Ratio
1663 1702 1838 1761 porro
1861 1692 2188 1741 contractus
2221 1684 2419 1742 civilis
2446 1727 2461 1756 7

342 1797 456 1857 qua
493 1777 693 1833 civilis
714 1818 731 1848 7
762 1795 997 1855 prorsus
1020 1774 1346 1834 extrinseca
1369 1786 1457 1834 est
1480 1775 1591 1856 ipsi
1621 1775 1954 1835 connubiali
1972 1776 2171 1850 nexui7
2204 1797 2458 1858 eumque

341 1868 624 1952 supponit
650 1873 774 1947 jam
812 1869 874 1927 in
903 1890 1007 1927 suo
1035 1889 1158 1928 esse
1185 1871 1566 1928 constitutum
1598 1870 1705 1950 (2).
1743 1871 1933 1944 Quare
1961 1892 2067 1931 nec
2100 1869 2319 1932 debent
2353 1891 2462 1932 nec

417 2117 485 2180 (l)
524 2115 628 2163 Huc
677 2131 786 2163 sane
826 2115 1109 2163 devenerunt
1147 2115 1364 2171 nonnulli

348 2197 568 2263 Theologi
601 2214 655 2245 ex
687 2199 899 2262 praeJacto
933 2198 1186 2261 principio,
1227 2206 1278 2244 ut
1291 2214 1365 2246 as-

348 2290 584 2339 sererent,
612 2296 743 2344 posse
771 2278 1011 2344 Principes
1034 2278 1246 2327 infideles
1274 2289 1364 2328 sta-

349 2377 478 2415 tuere
499 2363 851 2430 impedimenta,
880 2379 984 2429 quae
1008 2365 1234 2429 attingant
1249 2364 1361 2412 sub-

351 2451 469 2500 ditos
508 2450 780 2499 christianos
809 2484 823 2506 ‚
877 2451 996 2498 inter
1038 2466 1154 2515 quos
1191 2451 1364 2498 eminet

350 2532 557 2583 Sanchez
572 2568 590 2595 ,
612 2531 700 2581 lib.
727 2547 789 2580 vu
809 2568 823 2591 7
859 2531 979 2596 disp.
1000 2531 1029 2579 3
1056 2568 1070 2589 ,
1100 2549 1149 2579 n.
1188 2548 1216 2596 7
1235 2570 1247 2593 7
1278 2549 1363 2580 cu-

354 2616 431 2680 jus
458 2612 595 2662 verba
627 2613 724 2660 haec
749 2621 858 2660 sunt
894 2628 908 2659 τ
946 2610 1013 2658 Id
1033 2629 1140 2660 vero
1168 2629 1363 2662 monue-

355 2696 452 2742 rim
471 2731 485 2754 7
509 2692 671 2756 fideles
686 2692 899 2741 subditos
918 2692 1195 2757 infidelibus
1209 2693 1361 2743 Priu-

350 2775 563 2842 cipibus,
593 2783 751 2842 utpote
781 2776 870 2840 qui
892 2791 1055 2823 eorum
1082 2776 1259 2841 oppida
1279 2779 1359 2825 iu-

352 2857 571 2907 habitaut
587 2894 600 2916 7
623 2856 864 2921 adstriuqi
886 2855 1067 2921 leqibus
1084 2873 1243 2904 eorum
1246 2860 1360 2922 jus-

350 2941 414 2987 tis
428 2938 672 2987 irritamib
679 2954 733 2985 us
746 2939 1125 2986 Matrimonium
1133 2972 1144 2986 .
1153 2974 1166 2986 .
1175 2973 1187 2986 .
1196 2935 1359 3002 Quare

352 3023 399 3078 si
431 3037 540 3068 cum
564 3034 616 3068 eo
631 3019 881 3067 dirimeuti
893 3018 1227 3084 impedimento
1244 3036 1356 3068 cou-

350 3104 576 3167 trahaut,
618 3103 707 3150 erit
736 3100 926 3149 uullum
955 3103 1356 3161 Matrimonium.

359 3185 496 3252 Quia
531 3185 655 3234 ratio
702 3180 1010 3237 Saorameuti
1049 3184 1357 3250 superaddita

343 3266 562 3329 fidelium
594 3304 607 3327 7
670 3282 769 3314 uon
811 3264 1012 3330 impedit
1042 3301 1055 3325 ,
1107 3275 1196 3314 etc.
1257 3266 1358 3319 Hoc

351 3348 478 3398 idem
508 3348 761 3398 absurdum
787 3347 1077 3397 corollarium
1107 3343 1245 3396 debet
1269 3349 1352 3403 ad-

352 3432 530 3486 mittere
557 3429 616 3480 D.
660 3428 894 3491 Carriere,
927 3431 965 3477 si
991 3428 1076 3478 sibi
1112 3430 1198 3494 ipsi
1241 3447 1352 3479 con-

1449 2127 1579 2187 ctum
1613 2119 1870 2167 naturalem
1903 2121 2123 2184 attingere
2152 2137 2205 2168 ex
2243 2122 2347 2186 jure
2377 2138 2460 2170 suo

1449 2200 1638 2258 innato,
1690 2202 1932 2264 originario
1994 2212 2038 2249 et
2075 2200 2454 2266 independente,

1445 2281 1509 2328 ita
1556 2291 1609 2329 ut
1645 2280 1814 2329 efficiat
1850 2299 1945 2330 non
1993 2281 2192 2347 amplius
2243 2283 2458 2333 idoneam

1448 2366 1685 2412 materiam
1721 2362 2039 2432 sacramenti,
2073 2381 2125 2412 ea
2164 2365 2337 2414 ratione
2365 2381 2459 2432 qua

1448 2462 1567 2510 aqua
1606 2447 1917 2510 corrumpitur
1954 2455 2034 2495 aut
2078 2448 2208 2511 panis
2230 2483 2246 2505 7
2289 2457 2342 2495 ut
2376 2465 2456 2496 ne-

1448 2536 1623 2592 queant
1664 2544 1758 2576 esse
1800 2530 1988 2575 materia
2028 2527 2248 2593 Baptismi
2293 2539 2336 2577 et
2362 2529 2454 2579 Eu-

1446 2609 1670 2658 charistiae
1690 2647 1704 2670 7
1736 2610 1940 2675 profecto
1969 2613 2190 2676 sequitur,
2231 2613 2295 2661 ita
2323 2629 2458 2678 posse

1445 2691 1678 2757 Principes
1710 2692 1922 2742 infideles
1954 2693 2132 2742 afficere
2173 2703 2454 2743 contractum

1445 2774 1698 2823 naturalem
1743 2774 1952 2823 fidelium
1975 2810 1989 2834 7
2033 2785 2118 2836 ut,
2159 2779 2291 2840 juxta
2335 2775 2454 2839 leges

1441 2855 1625 2916 civiles,
1673 2857 1852 2903 irritum
1892 2856 1971 2902 fiat
2000 2855 2346 2905 Sacramentum
2377 2859 2451 2921 ip-

1442 2953 1558 2983 sum.
1584 2934 1656 2983 En
1682 2953 1773 3001 quo
1801 2936 1973 2983 ducant
1996 2937 2219 3003 ejusmodi
2247 2938 2451 3000 theoriae7

1441 3027 1492 3065 nt
1532 3017 1659 3065 valor
1705 3032 1871 3082 nempe
1919 3015 2198 3066 Sacramenti
2258 3019 2454 3084 pendeat

1436 3103 1577 3149 etiam
1606 3118 1632 3148 a
1655 3098 1815 3148 Turcis
1837 3137 1851 3160 7
1888 3099 2076 3165 paganis
2116 3111 2161 3149 et
2189 3101 2448 3151 haereticis!

1507 3182 1572 3246 (2)
1609 3181 1788 3232 Exinde
1821 3184 1914 3231 ruit
1937 3184 2167 3247 potissima
2189 3182 2266 3231 illa
2297 3185 2413 3231 ratio
2431 3220 2446 3242 7

1439 3265 1514 3313 cui
1540 3266 1800 3314 innituntur
1816 3264 2060 3314 adversarii
2083 3300 2100 3327 ‚
2130 3281 2234 3330 quae
2256 3265 2440 3314 ducitur

1438 3364 1490 3396 ex
1522 3348 1754 3412 prioritate
1789 3364 1869 3396 seu
1911 3349 2212 3411 anterioritate
2255 3356 2438 3396 contra-

1397 3459 1401 3462 ·
1437 3439 1538 3479 ctus
1585 3430 1729 3479 civilis
1755 3439 1799 3479 et
1846 3430 2069 3479 naturalis
2108 3439 2312 3495 respectu
2353 3425 2436 3478 Sa-

351 3521 466 3560 stare
492 3511 617 3560 velit.
638 3511 753 3560 Nam
782 3528 888 3561 cum
914 3513 1042 3579 juxta
1071 3510 1351 3576 principium
1434 3515 1685 3574 cramemi,
1731 3530 1783 3563 ex
1821 3530 1910 3579 qua
1946 3510 2157 3562 nonnulli
2194 3514 2305 3563 adeo
2331 3528 2436 3578 pro-

345 3597 449 3659 ejus
482 3594 652 3658 possint
680 3593 833 3643 civiles
888 3602 1125 3659 potestates
1171 3602 1348 3642 contra-
1430 3598 1567 3660 gressi
1598 3605 1702 3646 sunt
1717 3634 1734 3657 ‚
1760 3604 1811 3644 ut
1837 3613 1933 3646 non
1962 3595 2109 3646 solum
2144 3592 2435 3662 Principibus
