2508 4120
2095 174 2213 231 405

642 199 763 235 CAP.
811 197 887 235 lv.
930 197 1001 238 ΒΕ
1045 197 1421 235 MATnmomls
1466 197 1671 235 MIXTIS.

98 341 256 398 omni
297 339 471 398 modo
504 340 716 398 avertit
743 360 808 397 ac
835 334 1085 398 retrahit
1104 339 1177 397 ab
1217 339 1304 397 his
1344 339 1565 421 nuptiis
1600 336 1904 410 ineundi53
1935 335 2212 396 admonet

98 436 404 516 Episcopos
428 445 488 494 et
501 433 782 516 parochos
803 479 819 508 7
847 445 912 491 ut
942 435 1234 515 omniqua
1259 432 1506 516 possunt
1525 434 1747 492 ratione
1775 440 2040 493 avertere
2069 442 2212 491 sata-

97 541 238 608 gant
275 527 536 587 subditos
572 548 705 586 suos
740 526 814 585 ab
850 527 941 586 his
979 529 1290 607 conjugiis,
1329 528 1596 609 quamvis
1630 527 2008 609 sponsionem
2047 548 2202 609 prae-

97 625 338 683 mittant
363 623 437 681 de
465 623 834 680 institutione
863 621 1043 704 prolis
1078 623 1364 682 universae
1395 622 1456 679 in
1488 621 1765 701 religione
1794 621 2074 681 catholica
2100 623 2213 702 (l).

93 721 240 776 Cum
277 716 339 775 id
375 726 646 794 praestare
687 717 981 796 integrum
1010 716 1270 777 Ecclesiae
1306 717 1516 791 fuerit,
1559 718 1712 776 cavit
1744 727 1980 790 tamen,
2029 737 2104 794 ne
2143 738 2210 776 ea

92 812 353 890 conjugia
386 812 600 887 fierent
629 812 745 892 (2).
827 806 830 809 ’
2024 811 2028 815 ’

174 906 311 964 335.
358 908 712 987 Supponunt
749 918 1028 988 praeterea
1070 907 1387 968 adversarii
1422 910 1486 967 in
1524 909 1632 968 hac
1665 908 2007 969 difficultate
2029 953 2045 970 ,
2100 907 2212 967 de-

92 1003 299 1060 terreri
340 1001 662 1060 Catholicos
700 1024 733 1060 a
762 1002 1081 1083 jungendis
1117 1004 1338 1086 nuptiis
1381 1025 1513 1062 cum
1545 1003 1828 1063 haereticis
1866 1003 1941 1063 ob
1968 1003 2213 1082 denega-

94 1107 216 1155 tam
238 1096 711 1156 benedictionem
733 1122 750 1170 ς
781 1108 841 1155 at
864 1098 1222 1179 experientia
1243 1099 1600 1158 contrarium
1623 1099 1841 1158 evincit
1856 1099 1919 1157 in
1936 1097 2209 1157 ordinum

94 1177 418 1274 praesertim
449 1191 803 1250 nobiliorum
825 1203 978 1270 coetu
1000 1238 1015 1267 a
1043 1195 1142 1275 qui
1165 1206 1265 1252 aut
1291 1193 1449 1254 velut
1478 1195 1715 1253 inanem
1747 1193 1934 1253 cultus
1960 1193 2212 1275 speciem

94 1285 245 1370 hanc
270 1286 740 1346 benedictionem
763 1298 1032 1369 spectant
1048 1334 1063 1363 ,
1101 1300 1203 1346 aut
1226 1288 1516 1348 humanos
1539 1289 1764 1348 favores
1791 1301 2017 1349 aeternae
2040 1287 2212 1347 saluti

93 1382 447 1463 praeferunt3
482 1381 762 1460 ejusmodi
793 1404 970 1465 porro
1006 1383 1313 1443 hominum
1355 1405 1659 1466 nunquam
1691 1385 1928 1465 exiguus
1967 1396 2057 1443 est
2098 1406 2212 1442 nu·-

93 1499 287 1535 merus
341 1476 448 1557 (3).
493 1477 766 1547 Accedit,
817 1477 1214 1538 Protestantes
1242 1524 1257 1554 ἦ
1296 1480 1342 1536 si
1389 1478 1547 1560 quod
1588 1478 2014 1539 detrimentum
2049 1478 2210 1537 ‘inde

90 1571 422 1651 patiantur,
466 1569 699 1630 abunde
734 1571 843 1630 sibi
897 1593 1278 1653 compensare
1324 1585 1455 1631 tum
1510 1595 1583 1632 ex
1631 1573 1864 1646 sobole,
1914 1590 2096 1655 quam
2138 1594 2213 1632 ex

90 1665 493 1724 ministrorum
519 1687 757 1724 suorum
788 1667 1066 1746 conjugiis
1089 1667 1451 1749 percipiunt3
1478 1678 1607 1726 tum
1626 1689 1697 1727 ex
1722 1678 1878 1726 statu
1905 1667 2214 1726 fluctuanti

91 1772 151 1818 et
196 1759 453 1818 instabili
492 1762 742 1842 propriae
787 1762 1067 1821 doctrinae
1094 1809 1110 1836 ,
1149 1783 1277 1842 quae
1319 1784 1443 1821 sese
1472 1773 1826 1843 attemperat
1859 1763 2175 1822 individuis
2199 1808 2215 1836 ‚

90 1853 357 1913 aetatibus
382 1866 442 1915 et
466 1855 892 1915 conditionibus
920 1857 1372 1938 uniuscujusque
1391 1903 1407 1931 .‚
1443 1878 1558 1938 quo
1591 1858 1659 1915 fit
1679 1901 1694 1932 ‚
1735 1868 1802 1915 ut
1829 1856 2027 1939 plures
2059 1879 2211 1917 sem-

87 1971 194 2030 per
219 1950 618 2026 inveniantur,
646 1952 746 2032 qui
753 1953 1002 2029 facilem
1023 1951 1175 2009 hanc
1198 1946 1392 2033 potius
1420 1955 1907 2030 reformationem
1934 1950 2211 2034 amplecti

89 2044 275 2102 velint
296 2090 312 2119 ,
353 2067 529 2126 quam
559 2068 619 2105 se
644 2044 925 2124 subjicere
958 2046 1156 2125 rigidae
1185 2057 1360 2127 atque
1390 2046 1698 2105 inflexibili
1730 2046 1990 2106 Ecclesiae
2013 2047 2208 2106 catho-

88 2137 210 2199 licae
251 2140 532 2199 doctrinae
561 2153 620 2200 et
651 2143 815 2222 praxi
845 2141 973 2220 (4);
1010 2153 1136 2199 tum
1163 2163 1235 2201 ex
1261 2140 1532 2201 libertate
1551 2187 1567 2216 .,
1603 2162 1779 2222 quam
1814 2140 2086 2200 tribuunt
2114 2141 2207 2201 di-

161 2359 224 2421 (1)
258 2357 356 2409 Csr.
396 2360 495 2407 haec
529 2351 804 2408 documenta
847 2362 968 2425 apud
992 2361 1094 2408 Mo—

89 2457 176 2499 ser,
203 2444 252 2488 in
267 2457 346 2504 op.
371 2443 532 2506 saepius
559 2444 638 2489 cit.
655 2441 725 2491 De
742 2433 1098 2507 impedimentis

90 2520 428 2570 Matrimonii.
455 2521 689 2571 Nonnulla
726 2539 782 2571 ex
814 2526 867 2571 iis
906 2541 991 2571 nos
1020 2540 1099 2571 su-

84 2606 239 2668 perius
267 2605 498 2652 dedimus.
854 2614 859 2618 ’

159 2686 224 2748 (2)
266 2686 663 2751 Cfr.‘Di;llinger‚
691 2705 768 2752 op.
797 2691 874 2735 eit.
891 2706 992 2753 pag.
1015 2686 1095 2751 24.

158 2768 230 2831 (3)
268 2769 394 2817 lbid.
436 2787 541 2833 pag.
572 2767 655 2818 26.

156 2851 227 2916 (4)
263 2852 360 2900 Cfr.
406 2851 526 2901 Ibid.
564 2870 667 2917 pag.
711 2868 765 2917 17
794 2864 838 2901 et
879 2871 978 2918 seq.
1017 2856 1096 2918 qui

83 2943 294 2981 'accurate
326 2934 553 2993 observat,
582 2935 694 2982 olim
713 2952 808 2982 non
830 2952 990 2999 parum
1010 2935 1096 2983 Ec-

84 3014 267 3062 clesiam
297 3016 536 3079 profecisse
570 3034 624 3064 ex
651 3019 878 3065 intestinis
896 3017 1096 3066 diversa-

87 3113 192 3143 rum
220 3097 442 3144 sectarum
462 3098 818 3146 dissentionibus
846 3115 899 3146 ac
922 3102 1095 3146 mutuis

28 3232 31 3238 ,
85 3175 222 3224 bellis
241 3214 254 3236 ‚
288 3177 456 3242 quibus
486 3179 545 3226 ad
570 3182 928 3227 internecionem
946 3198 1094 3244 usque

86 3258 229 3306 altera
259 3259 445 3307 alteram
469 3260 862 3324 persequebatur-3
895 3272 963 3308 ast
985 3254 1097 3310 vero

86 3357 213 3387 nunc
253 3359 305 3388 ex
348 3350 534 3389 externo
570 3341 737 3390 foedere
772 3345 890 3389 inter
932 3359 1093 3390 omnes

85 3432 226 3468 sectas
257 3425 403 3480 inito,
448 3438 550 3487 quae
584 3425 933 3487 protestantismi
966 3440 1093 3471 com-

85 3520 228 3550 mune
275 3518 442 3550 nomen
470 3513 723 3569 usurpant,
756 3505 929 3552 factum
965 3522 1090 3565 esse,

1183 2363 1296 2408 mari
1336 2397 1349 2419 ‚
1404 2363 1588 2409 unicam
1632 2358 1726 2425 jam
1766 2363 1863 2411 dari
1899 2364 1948 2409 in
1990 2361 2207 2425 religione

1186 2443 1462 2489 divisionem
1499 2479 1512 2499 ‚
1557 2442 1905 2495 catholicorum
1943 2441 2118 2492 scilicet
2161 2452 2206 2491 et

1182 2522 1544 2571 acatholicorum
1570 2563 1584 2583 ,
1620 2530 1729 2592 quia
1753 2525 1995 2577 acatholici
2011 2541 2172 2573 omnes
2190 2557 2203 2579 ,

1182 2606 1275 2650 sive
1308 2604 1594 2655 schismatici
1647 2613 1744 2659 sive
1777 2610 1976 2657 haeretici
2014 2609 2107 2654 sive
2139 2609 2208 2653 in-

1181 2683 1342 2733 fideles
1365 2723 1378 2747 ,
1414 2691 1626 2738 unanimi
1662 2709 1845 2755 prorsus
1874 2692 2053 2738 ratione
2090 2705 2203 2736 con-

1183 2769 1360 2830 spirant
1395 2779 1438 2816 et
1471 2772 1587 2818 vires
1611 2766 1816 2838 jungunt
1855 2773 2072 2820 adversus
2120 2769 2205 2819 Ec-

1183 2848 1367 2896 clesiam
1385 2851 1676 2914 catholicam,
1703 2871 1806 2920 quae
1824 2863 2044 2920 praeterea
2059 2851 2202 2916 luget,

1182 2948 1276 2979 non
1308 2949 1476 2996 paucos
1513 2935 1633 2983 filios
1672 2955 1775 2985 suos
1808 2937 1868 2985 ad
1900 2936 2201 2984 inimicorum

1182 3022 1325 3060 castr-a
1353 3014 1596 3065 descivisse
1613 3054 1626 3074 ‚
1677 3030 1718 3066 et
1743 3036 1850 3066 cum
1874 3018 1965 3065 illis
1992 3019 2041 3063 in
2071 3032 2201 3063 eum·-

1181 3095 1287 3140 dem
1318 3095 1462 3143 finem
1500 3101 1683 3148 inivisse
1722 3100 1887 3147 foedus.
1927 3097 2065 3145 Porro
2101 3114 2197 3144 rem

1180 3175 1301 3223 hanc
1327 3180 1443 3224 serio
1487 3182 1784 3245 perpendenti
1807 3218 1820 3239 ‚
1851 3182 1899 3228 id
1927 3190 2197 3244 argumento

1179 3257 1464 3307 ineluctabili
1509 3265 1623 3322 erit,
1668 3266 1853 3310 unicam
1889 3278 2043 3310 veram
2065 3259 2193 3308 Reli—

1178 3341 1362 3404 gionem
1382 3344 1433 3388 in
1462 3342 1665 3393 Ecclesia
1695 3345 1919 3393 catholica
1962 3345 2190 3401 inveniri,

1181 3436 1282 3485 quae
1303 3439 1399 3470 non
1422 3423 1481 3471 ab
1510 3425 1598 3472 alio
1629 3443 1772 3491 quam
1790 3444 1815 3474 a
1830 3425 1927 3474 Deo
1947 3425 2192 3473 fundatore

1179 3519 1258 3549 suo
1301 3506 1472 3566 regitur
1502 3543 1516 3563 ‚
1556 3525 1707 3572 neque
1751 3511 1799 3555 in
1839 3508 2054 3555 humanis
2087 3505 2191 3552 ullis

84 3594 136 3631 ut
163 3602 256 3631 non
288 3584 386 3634 leve
415 3602 470 3634 ex
496 3586 584 3634 hac
619 3595 745 3651 parte
779 3585 979 3635 Ecclesia
1004 3580 1101 3635 de·'
1172 3583 1394 3632 subsidiis
1427 3601 1555 3651 spem
1603 3606 1735 3637 suam
1766 3590 1990 3638 collocare
2021 3595 2190 3652 potest.

84 3668 351 3715 trimentum
383 3685 508 3732 passa
540 3671 613 3717 sit.
638 3667 792 3717 Posset
822 3679 942 3717 recte
963 3670 1089 3718 affir-

1175 3665 1322 3731 Quam
1370 3666 1490 3716 bene
1531 3682 1677 3735 posset
1719 3671 1920 3721 Ecclesia
1966 3664 2193 3718 catholica
