2508 4120
409 178 531 213 CAP.
583 178 670 212 111.
704 177 771 212 nn
816 177 1211 214 IMPEmMENTIS
1255 175 1636 232 nArnmonu,
1680 179 1797 217 arc.
2045 158 2160 219 307

64 328 292 397 accepta
330 318 672 375 auctoritate
693 315 938 396 intelligi
963 315 1177 376 debeat
1207 336 1317 376 nec
1353 338 1449 375 ne.
1489 318 1638 376 Cum
1668 318 1840 397 igitur
1863 327 2065 399 agatur
2092 317 2166 379 de

62 411 270 471 scholae
286 412 579 492 opinione7
595 432 723 470 eam
740 412 982 492 quisque
995 433 1101 492 pro
1109 410 1302 470 lubitu
1316 412 1480 492 sequi
1496 411 1591 473 vel
1599 413 1833 491 rejicere
1843 424 2035 495 potest
2049 414 2160 495 (l).

63 506 128 565 40
148 511 398 566 Demum
421 528 491 565 ex
514 506 754 564 historia
777 505 1074 579 discimus7
1089 505 1409 565 anatliema.
1430 507 1790 566 intentatum
1817 529 1913 567 eos
1935 519 2168 570 tantum

61 601 262 677 ferire,
304 602 404 681 qui
444 611 792 681 potestatem
821 598 1208 658 constituendi
1239 600 1659 681 impedimenta
1689 600 2023 662 dirimentia
2059 605 2169 664 Ec-

61 695 245 755 clesiae
273 695 403 754 ideo
441 695 806 775 denegarunt
823 739 840 768 ‚
876 706 943 752 ut
970 693 1179 773 dogma
1209 695 1565 754 Sacramenti
1593 695 1926 773 abolerent,
1955 699 2170 781 quique

60 789 392 849 libertatem
431 789 788 849 Matrimonii*
827 787 1072 847 ineundi
1116 789 1242 848 sine
1288 790 1686 864 restrictione7
1728 812 1761 849 a
1801 813 2169 875 quocumque

61 883 299 944 demum
322 885 508 966 posita
528 930 546 959 7
576 882 992 963 indulgendam
1008 904 1131 942 esse
1151 883 1580 944 contenderunt
1597 910 1613 959 ς
1639 907 1816 966 quam
1834 887 2174 968 opinionem

60 980 347 1040 Lutherus
381 980 561 1053 fovit,
601 1000 714 1059 qua
742 978 991 1037 admissa
1009 1022 1025 1051 7
1066 1000 1175 1037 nec
1209 1001 1280 1039 ex
1306 978 1567 1057 delegata
1595 991 1888 1061 potestate
1911 1004 2173 1064 unquam

62 1074 304 1133 Ecclesia
318 1074 735 1156 impedimenta
753 1083 1005 1132 statuere
1023 1074 1304 1155 potuisset
1319 1100 1335 1148 ς
1361 1074 1578 1155 quique
1595 1069 1846 1156 denique
1863 1076 2174 1137 Ecclesiam

60 1168 212 1227 male
246 1179 539 1250 usurpatae
574 1168 882 1249 potestatis
919 1167 1124 1228 alienae
1167 1189 1326 1227 ream
1366 1167 1634 1248 agebant.
1672 1170 1783 1242 Qui
1813 1181 2011 1230 autem
2027 1173 2174 1249 juris

62 1263 283 1345 publici
320 1264 662 1327 universalis
711 1264 1008 1345 principiis
1034 1309 1050 1338 7
1098 1275 1158 1324 et
1195 1264 1613 1345 antiquissimas
1646 1263 1948 1324 traditioni
1992 1265 2179 1327 inhae-

60 1371 254 1417 rentes
288 1357 439 1416 hanc
462 1369 810 1439 potestatem
845 1380 919 1417 ex
948 1358 1284 1439 Principum
1310 1358 1590 1418 beneficio
1617 1359 1878 1419 Ecclesiae
1906 1359 2180 1440 obtigisse

60 1454 393 1527 affirmant7
431 1474 541 1512 nec
583 1452 791 1532 dogma
821 1453 1176 1511 Sacramenti
1212 1452 1519 1528 abnuunt7
1563 1475 1672 1513 nec
1712 1475 2043 1514 concessam
2082 1455 2180 1517 vel

61 1548 398 1627 acquisitam
436 1557 784 1627 potestatem
823 1567 1024 1606 veram
1061 1567 1184 1605 esse
1218 1558 1279 1605 et
1310 1547 1629 1626 legitimam
1664 1548 2029 1621 inficiantur3
2070 1548 2178 1608 hos

58 1641 304 1723 proinde
339 1663 461 1699 non
495 1641 629 1700 ferit
660 1639 971 1698 anathema
1001 1641 1113 1719 (2).
1148 1642 1314 1719 Ergo.

143 1735 281 1794 193.
329 1737 499 1816 Resp.
537 1734 623 1794 Ad
665 1737 778 1810 lm7
817 1735 968 1814 Ney.
1002 1736 1145 1793 Tota
1179 1736 1340 1793 enim
1375 1734 1694 1796 adversarii
1721 1737 2179 1817 argumentandi

10 1867 15 1872 ·
60 1830 206 1888 ratio
241 1830 446 1888 nititur
484 1830 773 1910 principio
806 1827 1112 1902 haeretico7
1147 1840 1214 1886 ut
1249 1829 1515 1909 sequenti
1544 1831 1943 1911 propositione
1967 1843 2173 1890 osten·-

66 1926 271 1985 demus
291 1971 307 1999 7
343 1925 499 2006 quod
519 1925 734 1983 scilicet
751 1936 1006 2006 potestas
1023 1970 1039 1999 7
1067 1946 1180 2005 qua
1200 1925 1386 1982 utitur
1417 1924 1662 1983 Ecclesia
1678 1926 1741 1983 in
1757 1926 2177 1986 constituendis

62 2020 496 2101 impedimentis
520 2065 535 2094 7
560 2021 636 2078 sit
656 2020 765 2101 ipsi
781 2017 1044 2098 delegata
1075 2041 1107 2078 a
1137 2018 1497 2099 Principibus
1517 2064 1533 2094 7
1564 2040 1690 2077 non
1711 2031 1907 2078 autem
1936 2022 2175 2102 propria

63 2127 121 2175 et
156 2116 462 2195 originaria
506 2114 617 2172 sibi
652 2136 685 2173 a
728 2114 957 2172 Christo
994 2135 1275 2173 concessa.
1315 2114 1439 2172 Hoc
1475 2125 1671 2172 autem
1720 2135 1922 2174 everso
1962 2114 2179 2174 funda-

60 2214 259 2269 mento
278 2255 294 2284 7
325 2211 442 2268 ruit
472 2199 775 2268 aedificium
804 2219 1283 2290 superstructum.
1310 2206 1468 2267 Adeo
1499 2207 1758 2268 violenta
1785 2219 1874 2267 est
1894 2207 2016 2268 haec
2043 2229 2178 2267 con-

62 2305 237 2364 clusio
259 2350 275 2379 7
303 2304 447 2363 adeo
469 2315 731 2363 contorta
750 2347 766 2378 7
797 2314 862 2361 ut
894 2303 1120 2362 nemini
1145 2303 1209 2360 in
1225 2313 1490 2362 mentem
1518 2304 1721 2362 venire
1741 2303 1996 2383 potuerit
2013 2347 2031 2377 7
2072 2305 2175 2385 qui

65 2399 392 2477 anticipatis
431 2397 660 2476 judiciis
695 2408 1124 2478 praeoccupatus
1169 2419 1292 2455 non
1321 2397 1414 2455 sit.
1453 2397 1659 2476 Ecquis
1707 2418 1969 2476 unquam
2017 2416 2173 2457 sanae

64 2494 277 2551 mentis
322 2492 430 2550 sibi
452 2493 800 2572 persuadere
835 2493 1048 2572 poterit
1094 2491 1465 2550 Tridentinos
1495 2493 1694 2549 Patres
1728 2491 1790 2548 in
1819 2512 2041 2550 canone
2076 2491 2176 2551 illo

67 2587 422 2647 conficiendo
458 2587 706 2646 voluisse
730 2589 909 2664 juris
941 2588 1246 2644 naturalis
1282 2587 1521 2665 doyma,
1553 2597 1621 2644 ut
1669 2586 1928 2667 loquitur
1961 2586 2172 2647 adver-

67 2683 245 2741 sarius
269 2727 285 2757 7
330 2683 404 2741 ad
436 2693 698 2741 mentem
729 2680 975 2738 auctoris
1005 2679 1291 2742 definire?
1322 2681 1458 2739 Haec
1490 2682 1614 2761 ipsa
1651 2679 1857 2759 agendi
1884 2681 2031 2741 ratio
2052 2682 2176 2741 evi-

68 2777 274 2836 denter
312 2777 568 2836 ostendit
590 2822 606 2851 7
649 2775 885 2857 perditae
915 2795 1098 2833 causae
1134 2775 1417 2851 ejusmodi
1440 2775 1746 2856 scriptores
1785 2776 2176 2856 patrocinium

67 2873 396 2952 suscepisse.

155 2966 288 3025 194.
339 2967 429 3026 Ad
458 2968 541 3025 2¹¹¹
572 3012 589 3040 7
624 2966 774 3045 Neq.
806 2966 925 3023 Hac
958 2964 1116 3023 enirn
1146 2965 1368 3022 ratione
1392 2962 1623 3021 nullum
1645 2961 1782 3022 fidei
1818 2963 2027 3043 dogma
2051 2966 2173 3026 sive

73 3085 105 3121 a
140 3061 476 3120 Tridentino
509 3063 628 3120 sive
660 3082 692 3118 a
726 3058 994 3118 Conciliis
1025 3059 1392 3126 oecumenicis
1417 3057 1653 3139 reliquis
1692 3057 2000 3118 definitum
2030 3078 2173 3117 con-

74 3158 271 3215 sistere
299 3166 511 3238 posset.
531 3155 748 3214 Omnes
768 3153 1022 3212 haeretici
1049 3174 1112 3212 ac
1134 3163 1524 3235 protestantes
1551 3164 1790 3234 possent
1819 3152 1926 3210 hac
1949 3152 2174 3212 ratione

144 3318 207 3378 (1)
243 3314 311 3364 Ita
326 3317 600 3381 prosessores
614 3315 916 3363 Lovanienses
926 3318 975 3362 in
990 3317 1080 3362 suis
1162 3332 1352 3378 scopum
1369 3313 1748 3363 Mechliniensem
1766 3321 1810 3359 et
1826 3312 1970 3376 Belgii
1996 3312 2170 3377 prima-

80 3400 302 3463 responsis
325 3398 383 3446 ad
410 3401 678 3463 quaestiones
693 3397 750 3445 de
763 3405 978 3460 potestate
995 3395 1080 3444 Ec·
1161 3407 1253 3444 tem
1271 3433 1284 3455 7
1318 3413 1440 3444 anno
1481 3393 1607 3461 1789
1645 3396 1913 3458 propositas.

80 3479 226 3528 clesiae
244 3480 470 3528 statuendi
493 3478 818 3542 impedimenta
843 3477 1079 3525 Mati-imo·
1225 3477 1296 3540 (2)
1332 3476 1444 3525 Haec
1487 3485 1617 3540 urget
1661 3473 1798 3523 Joan.
1846 3473 1946 3523 Jos.
1994 3475 2170 3526 Pehem

81 3568 211 3613 nium
231 3566 486 3613 dirimentia
506 3601 519 3622 7
543 3580 622 3627 per
636 3562 864 3611 Joannem
889 3561 1077 3611 Henric.
1160 3558 1422 3608 Austriacus
1437 3558 1669 3605 canonista
1694 3557 1745 3603 in
1768 3556 1863 3604 suis
1891 3555 2166 3605 Proelectio-

84 3643 371 3694 Cardinalem
403 3662 427 3693 a
453 3642 775 3706 Frankenberg
796 3678 810 3706 ‚
845 3641 1080 3708 Archiepi-
1161 3641 1304 3689 nibus
1320 3640 1467 3702 injus
1486 3636 1742 3686 ecclesiast.
1772 3646 1897 3772 pig-td
1913 3652 1948 3684 11
1966 3672 1980 3698 ,
1996 3635 2026 3703 ξ
2044 3633 2168 3700 438.
