2508 4120
2068 158 2187 220 413-

611 150 732 222 csr.
780 161 859 223 iv.
908 185 976 221 nn
1019 179 1388 219 maramouns
1431 179 1641 216 mnis.

73 354 194 391 non
218 330 360 390 levis
397 327 600 386 oborta
638 334 760 398 estg,
801 325 960 406 quod
1001 323 1266 404 superius
1304 321 1752 397 adnotavimuS‚
1791 323 1915 382 fore
1954 332 2019 382 ut
2047 344 2190 406 pre-ff

75 427 224 486 caria
258 423 454 483 isthaec
485 419 810 500 legislatio,
859 439 991 500 quae
1038 438 1160 475 non
1209 437 1420 497 paucas
1459 411 1788 476 identidem
1835 419 2189 478 mutationes

78 521 285 593 subiit,
320 540 390 578 ex
423 515 682 596 antiquis
716 513 999 572 institutis
1028 513 1090 570 in
1125 512 1395 570 universa
1434 511 1680 571 Ecclesia
1711 513 2034 592 vigentibus
2060 534 2190 574 om·-

77 617 220 674 nino
251 618 611 692 temperetur
649 608 759 688 (l)
813 609 1084 666 Ceterum
1131 605 1411 685 legislatio
1443 605 1735 666 Austriaca
1756 652 1774 683 ‚
1814 608 1878 666 in
1916 631 1985 668 eo
2034 610 2194 691 quod

80 718 304 790 spectat
338 704 414 763 ad
451 702 714 783 conjugia
751 702 931 760 mixta
951 744 969 776 ,
990 715 1119 759 'non
1160 710 1248 758 est
1281 703 1573 770 coactiva,
1601 713 1668 759 ut
1695 709 1962 763 autumat
1982 704 2197 766 adver-

81 802 297 873 sarim,
328 798 433 857 sed
469 808 557 856 est
580 798 946 875 facultatium
987 816 1089 855 seu
1113 800 1480 874 permissiva
1495 839 1516 867 ‚
1553 796 1632 854 ita
1679 808 1777 872 ut,
1825 799 1875 856 si
1909 811 2077 882 pater
2119 801 2197 859 sit

80 905 450 978 protestanS‚
494 897 681 971 possit
723 890 996 972 quidem,
1037 890 1140 949 sed
1177 911 1299 948 non
1350 891 1560 949 debeat
1599 913 1702 951 seu
1751 915 1874 952 non
1925 906 2204 956 teneatur

80 989 306 1074 prolem
339 991 402 1046 in
432 987 843 1069 protestantica
868 996 1019 1044 secta
1059 985 1383 1045 instituere.
1428 987 1677 1044 Possunt
1711 999 1994 1070 praeterea
2024 996 2194 1070 juxta

84 1084 350 1145 eamdem
380 1081 800 1162 legislationem
838 1080 1036 1162 sponsi
1066 1090 1203 1158 ante
1237 1080 1677 1140 Matrimonium
1714 1083 1788 1142 de
1814 1081 1993 1165 prolis
2022 1086 2202 1145 insti-

87 1184 311 1241 tutione
331 1182 491 1240 ‘inter
513 1201 572 1239 se
594 1179 803 1261 pacisci
826 1204 842 1252 ς
876 1178 924 1236 si
957 1188 1155 1236 autem
1184 1182 1437 1248 renuant
1474 1176 1883 1263 obtemperare
1911 1184 2200 1243 sanctioni

86 1278 407 1350 canonicae,
458 1296 572 1356 qua
624 1273 874 1353 exigitur
916 1271 1173 1332 formalis
1218 1273 1526 1354 promissio
1571 1273 1643 1333 de
1691 1277 1980 1337 universae
2016 1279 2203 1360 prolis

87 1372 428 1433 educatione
449 1371 510 1428 in
533 1368 808 1447 religione
841 1366 1123 1426 catholica
1150 1366 1225 1425 ad
1251 1366 1639 1429 obtinendam
1670 1368 1996 1431 Sacerdotis
2018 1372 2198 1434 bene-

88 1470 434 1540 dictionem,
475 1489 592 1525 non
637 1465 950 1544 adiguntur
993 1463 1230 1545 parochi
1268 1485 1302 1522 a
1344 1464 1609 1524 civilibus
1635 1468 2105 1547 magistratibus,
2135 1483 2204 1529 ut

88 1563 457 1642 Matrimonia
502 1562 625 1620 haec
666 1560 862 1618 illicita
905 1558 1328 1630 benedictionis
1363 1561 1480 1618 ritu
1519 1561 1926 1622 cohonestent.
1973 1565 2041 1622 In
2080 1574 2206 1623 tota

90 1658 320 1718 dioecesi
345 1656 621 1716 Lintiensi
652 1665 950 1735 receptum
975 1664 1062 1711 est
1081 1698 1098 1726 7
1127 1664 1193 1710 ut
1219 1653 1381 1712 nulla
1405 1653 1699 1713 tribuatur
1722 1655 2052 1717 benedictio
2075 1680 2206 1718 con-

81 1753 250 1832 jugiis
276 1752 468 1810 mixtis
495 1752 618 1809 sine
654 1750 875 1830 praevia
903 1747 1215 1828 sponsione
1238 1749 1384 1806 circa
1418 1750 1756 1807 catholicam
1785 1753 1960 1810 totius
1990 1752 2208 1813 sobolis

89 1847 551 1918 institutionem3
594 1843 800 1903 eadem
836 1842 1028 1922 praxis
1064 1842 1220 1921 viget
1254 1843 1316 1899 in
1344 1842 1579 1901 dioecesi
1603 1845 2012 1926 OEniponti'na
2042 1846 2155 1929 (2).

174 1940 311 2000 344.
361 1938 451 1998 Ad
494 1938 612 2012 lim,
654 1937 804 2016 Ney.
853 1934 1186 1995 Adversarii
1225 1937 1385 1995 enim
1431 1938 1787 2020 principium
1833 1952 1922 2000 est
1961 1964 2205 2025 prorsus

93 2035 412 2095 absurdum
480 2044 539 2093 et
593 2032 949 2092 contrarium
995 2029 1338 2109 legislationi
1381 2033 1646 2091 omnium
1692 2036 1974 2114 gentium.
2032 2038 2207 2098 Nulla

94 2281 198 2319 ante
222 2268 688 2318 commemoravimus
708 2304 720 2324 ‚
750 2267 853 2314 data
872 2264 930 2312 ad
962 2263 1102 2312 Card-

95 2354 152 2400 de
205 2351 553 2413 Franckenberg
615 2359 752 2414 atque
805 2347 864 2395 ad
904 2346 1104 2411 reliquos

97 2433 242 2499 Belgii
277 2431 544 2497 Episcopus.
571 2430 673 2477 Alia
696 2428 926 2494 ejusmodi
965 2427 1109 2474 docu-

98 2525 251 2565 menta
265 2514 434 2580 profert
452 2513 619 2571 Moser,
643 2529 722 2576 op.
745 2506 900 2558 cit.De
921 2505 1105 2572 imped.

99 2601 328 2649 Matrim.
373 2607 416 2646 et
459 2596 767 2660 vulgatissima
814 2601 944 2640 sunt.
977 2590 1109 2637 Atta-

99 2700 208 2730 men
237 2690 396 2729 auctor
410 2679 732 2736 articulorum‚
750 2693 864 2742 quos
891 2689 1009 2738 saepe
1041 2673 1109 2740 ciss

98 2766 292 2814 invimus
320 2799 335 2818 ,
367 2760 593 2810 affirmare
630 2757 858 2823 intrepide
898 2755 1036 2803 audet
1092 2770 1105 2800 :

22 2869 32 2883 =
100 2843 466 2910 Leqislationem
492 2840 804 2907 Iosephinam
843 2839 977 2886 circa
992 2834 1107 2883 Ma-

100 2928 378 2974 trimonium
391 2924 714 2991 permansisse
742 2923 798 2969 in
836 2917 1109 2967 Germania

103 3024 159 3056 ea·
174 3017 312 3073 parte
337 3009 636 3073 episcopatus
650 3013 704 3060 ‚et
726 3003 893 3052 Carioe
916 3003 1111 3064 (nempe

103 3090 280 3140 Sanctae
302 3087 431 3138 Sedis
446 3073 580 3148 )sine
594 3085 886 3152 oppositione
905 3092 990 3129 ant
1013 3097 1112 3128 mo-

101 3174 238 3220 lestia
257 3173 280 3218 ,Ι

173 3253 239 3316 (l)
278 3251 553 3316 Exemplum
568 3249 822 3297 litterarum
843 3240 1080 3292 afferimus
1094 3279 1107 3300 ‚

102 3352 217 3400 quas
234 3351 380 3398 nuper
398 3334 630 3398 piissimus
648 3330 821 3392 Imper.
852 3324 1110 3374 Ferdinan-

102 3419 187 3464 dus
211 3415 398 3464 cuidam
414 3431 508 3462 suae
523 3413 740 3461 dictionis
771 3408 1003 3473 Episcopo
1030 3406 1111 3454 de-

100 3499 167 3546 dit
197 3515 211 3545 :
251 3496 416 3563 Quum
432 3510 605 3561 sponsa
624 3490 855 3541 catholica
870 3527 884 3550 ‚
909 3490 973 3536 ait
997 3489 1108 3552 ipse,

97 3588 140 3626 et
164 3593 365 3645 sponsus
382 3585 651 3643 protestans
680 3581 841 3621 rnntuo
863 3587 911 3619 se
928 3568 1110 3634 obliqa-

98 3660 252 3709 verint
274 3660 338 3707 ad
352 3658 618 3709 educandos
638 3657 763 3720 filios
782 3668 940 3701 omnes
958 3687 971 3705 .,
998 3665 1113 3714 quos

1186 2276 1244 2308 ea·
1270 2260 1356 2308 hoc
1383 2261 1704 2311 Matrimonio
1723 2267 2020 2331 suscipient,
2054 2270 2110 2317 in
2130 2288 2209 2318 re-

1187 2343 1364 2408 liqione
1393 2345 1652 2405 catholica,
1693 2351 1933 2414 Majestas
1978 2369 2068 2400 sua
2112 2354 2210 2402 sibi

1191 2434 1313 2475 certo
1335 2426 1605 2491 pollicetur,
1628 2428 1733 2493 fore
1747 2429 1955 2482 ntDom.
1983 2431 2054 2481 V.
2079 2433 2205 2484 Rma

1191 2508 1376 2557 nullam
1415 2510 1551 2558 aliud
1581 2512 1974 2577 impedimentum
2013 2518 2205 2565 Matri-

1191 2594 1352 2640 monio
1383 2592 1496 2641 hnic
1521 2631 1534 2652 ‚
1564 2595 1690 2658 quod
1719 2597 1775 2642 in
1809 2597 1942 2661 facie
1975 2596 2205 2649 Ecclesiae

1191 2674 1420 2723 celebrari
1453 2684 1635 2742 potest,
1659 2677 1877 2743 vobjiciat
1901 2717 1914 2739 ‚
1951 2688 2092 2746 atque
2133 2684 2206 2731 ita

1193 2759 1434 2822 neqotium
1480 2759 1613 2806 istud
1645 2766 1793 2807 totum
1842 2762 2064 2826 expediat
2098 2800 2112 2823 ‚
2151 2770 2213 2812 ut

1191 2839 1302 2887 inde
1344 2856 1494 2904 neque
1541 2843 1838 2889 auctoritatis
1869 2844 2027 2892 civilis
2057 2861 2205 2910 neque

1192 2923 1492 2969 auctoritatis
1531 2923 1861 2972 ecclesiasticas
1882 2927 1975 2991 jus
2008 2931 2067 2974 in
2107 2927 2205 2975 dis-

1192 3006 1377 3051 crimen
1395 3005 1558 3052 vocari
1581 3004 1755 3054 debeat.
1781 3007 1917 3071 Apud
1934 3007 2173 3074 Diillinger
2190 3047 2203 3070 ‚

1193 3104 1272 3151 op.
1303 3089 1381 3134 cit.
1418 3104 1517 3151 pag.
1547 3085 1614 3135 56
1645 3098 1690 3136 et
1716 3105 1815 3154 seq.
1853 3087 1975 3154 Quid
1995 3084 2205 3154 praeterea

1190 3172 1286 3235 jam
1343 3172 1542 3217 sentiant
1583 3171 1832 3218 canonistae
1873 3171 2096 3221 Austriaci
2146 3175 2205 3223 de

1194 3251 1284 3299 hoc
1315 3261 1615 3317 argumento,
1649 3260 1774 3315 patet
1802 3254 1921 3300 inter
1949 3264 2120 3303 ceteros
2147 3273 2204 3304 ex

1196 3349 1328 3397 opere
1362 3332 1422 3380 D.
1451 3332 1587 3391 Rost,
1607 3336 1681 3380 cui
1719 3336 1792 3381 tit.
1827 3314 2206 3399 Reliqionswis-

1194 3413 1552 3478 senschaflliche
1588 3411 1895 3480 Darstellanq
1943 3415 2029 3464 der
2056 3415 2162 3468 Ehe
2183 3454 2200 3475 ,

1195 3515 1276 3547 seu
1303 3495 1558 3561 Empe-sitio
1587 3495 1807 3561 reliqiosa
1848 3498 2112 3562 scientifica
2145 3499 2203 3546 de

1198 3579 1534 3627 Matrimonia.
1568 3577 1704 3627 Vien.
1742 3575 1886 3643 1834.

1253 3662 1326 3725 ,(2)
1359 3660 1458 3710 cfr.
1496 3660 1735 3725 Diillinger
1755 3699 1767 3720 ‚
1801 3661 1915 3710 ibid.
