2508 4120
304 136 417 195 146

995 151 1317 196 TRACTATVUS
1360 156 1431 194 DE
1475 157 1699 196 ORDINE.

298 321 614 381 scoporum
660 299 1081 376 perceperint,
1112 306 1168 353 et
1205 307 1278 353 ut
1319 297 1613 379 Episcopi
1640 305 1973 359 consecrati
2013 306 2174 373 sint,
2224 313 2424 362 tamen

298 400 360 458 S.
391 396 627 476 Synodo
640 395 899 471 placuit,
923 402 993 451 ut
1018 393 1266 450 modum
1285 399 1617 472 proprium
1634 408 2062 476 recoynoscant.
2079 443 2115 456 ..
2134 420 2238 458 nec
2253 402 2427 460 Pres-

298 496 577 572 byterum
615 510 747 546 vero
776 510 882 547 nec
910 489 1251 548 Diaconum
1292 490 1564 548 audeant
1595 493 1883 552 ordinare
1902 504 2134 573 praeter
2162 500 2426 555 civitatis

297 592 670 666 Episcopum
705 585 815 664 (1).
1927 594 1932 598 “

383 681 518 740 148.
566 684 711 739 Inst.
762 681 824 738 1ο
861 681 919 739 S.
967 681 1079 739 Leo
1117 682 1195 739 M.
1241 692 1394 739 ratas
1430 679 1638 740 habuit
1675 681 2083 744 Ordinationes
2110 707 2140 744 a
2174 688 2429 764 pseudo-

205 782 207 784 ’
295 781 586 856 episcopis
614 776 792 835 factas
810 776 922 856 (2).
944 776 1013 833 20
1036 775 1403 835 Theodoreto
1420 787 1478 836 et
1494 778 1725 836 Socrate
1751 779 1995 839 testibus
2019 780 2111 860 (3)
2136 827 2151 855 .‚
2186 803 2217 839 a
2245 782 2421 842 Cone.

299 876 539 934 Nicaeno
560 873 711 932 facta
740 884 829 932 est
853 882 1111 955 potestas
1138 872 1495 954 presbyteris
1519 873 1813 932 catholicis
1835 895 2058 935 manus
2079 879 2434 956 imponendi

295 972 317 1050 (
344 975 739 1052 προχειρίζεσθαι
768 969 791 1048 )
830 1016 846 1043 „
889 979 945 1027 et
969 971 1352 1048 proponendi
1389 973 1632 1028 nomina
1658 991 1867 1028 eorum
1895 1018 1911 1040 ,
1943 977 2057 1049 qui
2097 976 2169 1031 in
2205 980 2431 1033 clerum

301 1070 440 1146 eliyi
456 1070 811 1125 meruerint.
838 1063 903 1122 30
929 1066 1191 1123 Novatus
1215 1065 1521 1146 presbyter
1537 1111 1552 1139 ‚
1590 1078 1764 1147 prout
1786 1066 1963 1125 refert
1989 1067 2044 1125 S.
2072 1068 2392 1150 Cyprianus
2413 1116 2428 1140 „

296 1162 406 1221 sibi
429 1164 876 1221 Felicissimum
901 1161 1253 1219 Diaconum
1286 1166 1601 1219 constituit
1631 1161 1743 1239 (4).
1788 1162 2095 1222 Cassianus
2137 1185 2277 1222 vero
2299 1186 2435 1224 nar-

298 1271 423 1334 rat,
474 1257 784 1317 Danielem
816 1278 848 1315 a
893 1258 955 1316 Β.
990 1255 1326 1339 Paphnutio
1366 1258 1525 1338 prius
1563 1257 1638 1316 ad
1669 1258 2090 1334 Diaconatum‚
2136 1280 2201 1318 ac
2234 1272 2433 1342 postea

295 1355 370 1413 ad
395 1353 870 1434 presbyteratum
894 1363 1168 1412 evectum
1193 1352 1368 1412 fuisse
1395 1352 1501 1433 (5).
1534 1355 1702 1434 Ergo.

383 1451 520 1509 149.
570 1453 747 1532 Resp.
792 1449 878 1509 Ad
928 1451 1044 1523 1¹1¹,
1096 1451 1251 1509 Dist.
1304 1451 1480 1508 Ratas
1524 1449 1731 1508 habuit
1772 1451 1829 1508 S.
1875 1451 1989 1511 Leo
2026 1451 2434 1512 Ordinationes

300 1549 477 1607 factas
497 1569 529 1605 a
552 1545 1121 1628 pseudo-episcopisq
1144 1546 1203 1603 id
1229 1557 1339 1619 est,
1368 1546 1663 1627 Episcopis
1688 1546 2002 1625 illegitimis
2024 1593 2038 1615 .
2065 1570 2256 1616 conc.;
2289 1550 2435 1630 epis-

298 1643 487 1725 copali
510 1642 794 1722 dignitate
816 1641 1142 1717 destituti3‚
1170 1662 1299 1719 neg).
1323 1640 1390 1699 Id
1413 1642 1573 1700 enim
1607 1653 1835 1700 constat
1860 1663 1931 1701 ex
1953 1646 2228 1703 orationis
2254 1646 2426 1718 serie,

299 1741 361 1799 in
389 1762 503 1822 qua
527 1738 787 1819 loquitur
803 1736 874 1796 de
893 1738 959 1796 iis
995 1738 1289 1819 Episcopis
1307 1782 1321 1811 7
1343 1738 1442 1818 qui
1460 1748 1662 1797 contra
1686 1737 2126 1798 ecclesiastic-am
2142 1740 2431 1820 regulam,

298 1858 406 1894 nec
438 1858 478 1893 a
517 1837 752 1894 clericis
782 1844 956 1892 erant
992 1838 1193 1905 electi,
1225 1855 1333 1891 nec
1380 1856 1420 1892 a
1447 1835 1738 1913 plebibus
1767 1839 2043 1914 empetiti,
2074 1857 2181 1895 nec
2219 1859 2258 1895 a
2285 1859 2434 1916 pro-

299 1931 672 1990 vincialibus
704 1930 1027 2009 Episcopis
1062 1950 1204 1987 cunt
1239 1930 1949 2009 Metropolitanijudicio
1985 1938 2332 1993 consecrati.

385 2026 524 2086 150.
575 2025 664 2085 Ad
696 2026 783 2083 20²
806 2071 822 2100 7
862 2027 1019 2085 Dist.
1055 2026 1225 2085 Facta
1265 2036 1354 2083 est
1389 2047 1422 2084 a
1463 2027 1641 2085 Cone.
1678 2027 1909 2086 Nicaeno
1951 2027 2310 2109 presbyteris
2337 2050 2435 2088 ca-

299 2122 530 2183 tholicis
563 2133 820 2204 potestas
852 2143 1076 2180 manus
1109 2123 1498 2199 imponendi,
1525 2122 1587 2181 id
1616 2134 1706 2182 est
1727 2168 1742 2196 7
1777 2125 2060 2204 eliqendi,
2084 2145 2242 2184 conc.
2251 2148 2271 2191 ,·
2297 2145 2437 2183 con·

300 2219 568 2279 secrandi
589 2264 605 2292 a
636 2241 768 2298 neq.
806 2219 895 2277 Sic
923 2220 1083 2277 enim
1117 2227 1349 2276 textum
1383 2217 1733 2277 Theodoreti
1769 2221 1949 2278 vertit
1986 2241 2051 2278 ac
2082 2220 2435 2281 vertendum

300 2315 561 2376 ostendit
594 2314 853 2374 Valesius
887 2313 996 2394 (6).

373 2509 438 2572 (1)
475 2507 602 2556 Ibid.
658 2507 751 2555 col.
798 2502 917 2572 597.
976 2504 1123 2552 Multo
1173 2508 1328 2553 minus

304 2592 463 2639 favent
518 2590 789 2638 adversariis
841 2587 988 2636 Conc.
1052 2587 1290 2635 Meldense
1315 2623 1329 2646 ‚

306 2673 515 2721 Isidorus
554 2683 598 2720 et
643 2671 884 2719 Zacharias
908 2707 921 2732 ‚
963 2671 1046 2736 qui
1085 2670 1198 2718 locis
1227 2671 1330 2718 citt.

307 2773 403 2803 non
441 2755 580 2802 modo
614 2772 713 2802 non
751 2754 961 2801 tribuunt
997 2753 1334 2818 chorepiscopis

308 2837 576 2886 facultatem
607 2836 857 2884 ordinandi
877 2834 1106 2883 Diaconos
1131 2845 1174 2882 et
1203 2835 1334 2883 Pres-

308 2922 516 2989 byter03‚
535 2916 615 2968 sed
627 2920 760 2983 plane
774 2919 1055 2966 contrarium
1071 2917 1331 2965 adstruunt.

310 3003 482 3066 Verba,
494 3019 599 3069 quae
609 3000 906 3050 adducuntur
917 3018 969 3048 ex
982 2999 1195 3048 Zacharia
1203 3037 1215 3059 ‚
1228 3011 1336 3047 sunt

312 3086 512 3136 Concilii
529 3085 805 3134 Antiocheni
826 3120 842 3146 ,
860 3087 992 3150 cujus
1013 3085 1335 3132 auctoritatem

312 3180 443 3235 urget
461 3169 513 3220 S.
539 3168 753 3217 Pontifex
770 3205 785 3228 ,
805 3173 1058 3228 utstatuat‚
1088 3185 1183 3216 non
1206 3184 1333 3215 com-

314 3262 470 3318 petere
507 3253 844 3318 chorepiscopis
893 3248 1035 3298 ullam
1086 3250 1334 3298 ordinandi

317 3336 608 3384 facultatem.

385 3418 447 3480 (2)
462 3417 512 3465 E
506 3415 921 3483 pist.ci.xvu,edit.
937 3414 1171 3474 Bellen-ini,
1191 3413 1329 3479 Resp-

317 3495 374 3542 ad
411 3498 671 3561 inquisit.1.

386 3575 458 3640 (3)
476 3576 613 3642 Apud
622 3589 871 3645 utrumque
883 3577 1176 3636 historicum,
1197 3574 1283 3623 lib.
1297 3593 1331 3634 1,

313 3681 417 3730 cap.
442 3681 491 3729 9.

1495 2507 1557 2569 (lt)
1597 2503 1768 2571 Epist.
1805 2524 1927 2556 xux.

1494 2587 1556 2650 (5)
1605 2587 1779 2637 Collat.
1810 2606 1873 2650 w,
1906 2606 2007 2654 cap.
2050 2607 2094 2639 1.

1491 2670 1555 2736 (6)
1578 2670 1638 2718 In
1657 2671 1972 2721 Adnotation.
1993 2676 2042 2721 in
2059 2683 2197 2738 caput
2209 2690 2260 2740 9,
2278 2673 2384 2721 libri
2400 2690 2435 2731 1,

1423 2752 1563 2803 Hist.
1594 2754 1707 2803 eccl.
1754 2755 1953 2804 Socratis
1977 2792 1992 2815 ‚
2049 2756 2129 2804 ubi
2174 2767 2325 2822 aperte
2360 2775 2437 2805 os—

1423 2838 1571 2885 tendit
1591 2874 1604 2894 ,
1631 2833 1842 2901 pluribus
1870 2839 2082 2887 adductis
2103 2839 2212 2887 locis
2244 2839 2437 2904 paralle-

1421 2918 1499 2978 lis,
1518 2916 1889 2985 προχειρίζεσθαι
1921 2920 2044 2969 idem
2062 2939 2158 2969 esse
2188 2922 2313 2987 quod
2334 2940 2438 2986 pro-

1423 3019 1592 3066 ponere
1624 3004 1837 3050 *nomina
1885 3003 2269 3053 ordinandorum.
2317 3005 2440 3054 Hinc

1422 3085 1562 3134 verba
1589 3087 1815 3151 synodica
1833 3086 1978 3135 Cone.
1999 3087 2171 3136 Nicaeni
2191 3091 2256 3137 sic
2272 3093 2434 3138 vertit:

1421 3163 1511 3214 Illi
1527 3185 1650 3228 vero,
1678 3170 1777 3233 qui,
1812 3168 1909 3216 Dei
1921 3172 2130 3236 juvante
2144 3173 2303 3236 ⁸qratia
2332 3189 2438 3220 ves-

1420 3252 1600 3315 trisque
1629 3252 2020 3317 precationibus,
2060 3253 2190 3302 nullo
2223 3271 2437 3319 unquam

1421 3334 1477 3379 in
1511 3332 1761 3381 schismate
1796 3333 2078 3400 deprehensi
2099 3346 2239 3397 sunt,
2267 3336 2349 3383 sed
2380 3338 2437 3382 in

1420 3415 1657 3464 catholica
1672 3426 1716 3465 et
1729 3416 1988 3482 apostolica
2017 3417 2239 3466 Ecclesia
2262 3417 2435 3480 absque

1419 3499 1521 3546 labe
1552 3499 1648 3547 ulla
1671 3511 2006 3566 perseverant,
2046 3507 2320 3566 potestatem
2347 3498 2434 3545 ha-

1419 3581 1560 3628 beant
1597 3581 1806 3646 eliqendi
1836 3592 1879 3630 et
1898 3581 2201 3649 proponendi
2234 3582 2434 3628 nomina

1416 3681 1594 3726 eorum,
1616 3667 1702 3730 qui
1715 3668 1773 3713 in
1787 3665 1964 3714 clerum
1981 3665 2141 3729 adlcqi
2151 3665 2431 3712 meruerint.
