2508 4120
275 93 400 154 336
922 110 1247 150 rme-runs
1291 113 1362 149 na
1405 108 1789 153 nummum.

362 258 504 318 236.
541 255 888 335 Priusquam
910 276 1154 313 manum
1181 277 1212 314 a
1239 254 1439 315 tabula
1464 279 1875 335 amoveamuS‚
1901 269 1962 318 et
1986 260 2135 341 illud
2154 286 2227 325 ex
2249 266 2418 328 dictis

282 349 756 416 animadvertere
802 347 1088 410 debemus
1112 397 1127 423 ,
1184 373 1293 411 nec
1340 374 1510 434 posse
1556 354 1857 436 Principes
1911 357 2256 421 auctoritate
2312 361 2422 421 sibi

277 448 518 534 propria
555 458 616 506 et
657 447 969 527 originaria
1007 469 1142 506 cum
1173 447 1534 528 subJ'ectione
1565 449 1640 509 ad
1676 450 1989 511 Ecclesiam
2026 463 2283 516 statuere
2307 459 2425 518 im-

276 545 645 629 pedimenta,
674 565 806 626 quae
824 543 1130 604 vinculum
1151 545 1454 627 conjugale
1479 546 1738 606 afficiant
1757 594 1772 622 .,
1812 570 1946 608 cum
1969 549 2269 633 Principes
2293 574 2424 614 eam

276 652 634 725 potestatem
650 662 772 699 non
789 639 1070 700 habeant.
1102 643 1331 723 Itaque,
1359 642 1518 724 quod
1541 665 1574 701 a
1598 643 1953 704 Bellarmino
1978 645 2222 728 aliisque
2244 647 2426 708 Theo·-

277 736 424 819 logis
473 736 761 810 traditur7
819 758 988 819 posse
1025 738 1362 818 PrincipeS‚
1406 738 1661 799 Ecclesia
1703 753 2124 820 concurrente,
2168 743 2426 826 impedi-

276 846 482 895 menta
518 857 657 894 cum
686 834 907 894 effectu
948 834 1263 894 dirimente
1291 846 1544 896 statuere
1565 881 1583 912 ‚
1624 834 1802 896 debet
1835 858 1904 897 eo
1931 859 2107 897 sensu
2135 839 2381 921 intelligi
2406 885 2422 916 ,

279 930 440 1014 quod
486 930 703 990 scilicet
763 930 1065 1008 ejusmodi
1111 931 1457 1014 Principum
1503 933 1834 993 sanctiones
1884 934 2007 993 vim
2056 935 2426 1016 producendi

279 1027 558 1087 effectum
590 1026 760 1086 illum
792 1038 938 1086 tunc
972 1037 1211 1087 tantum
1250 1027 1681 1110 adipiscantur,
1719 1050 1857 1089 cum
1892 1029 1968 1088 ad
1993 1051 2088 1089 eas
2125 1032 2427 1092 accesserit

276 1122 545 1184 Ecclesiae
583 1124 897 1183 auctoritas
927 1170 943 1199 .,
985 1146 1101 1207 qua
1137 1123 1258 1183 sola
1293 1125 1579 1186 virtutem
1617 1125 1770 1185 hanc
1810 1126 2126 1187 dirimendi
2161 1128 2427 1208 conjugia

277 1219 435 1303 leges
467 1220 667 1284 civiles
700 1219 969 1282 obtinere
996 1231 1260 1304 possunt.
1301 1222 1670 1305 Quicumque
1698 1222 1843 1282 alius
1873 1244 2073 1284 sensus
2098 1236 2246 1285 esset
2281 1246 2427 1285 con-

278 1317 674 1378 tradictorius.
2284 1321 2286 1323 ’

1121 1472 1608 1515 DIFFICULTATES.

363 1599 505 1659 237.
552 1597 685 1677 Obj.
718 1599 932 1680 prima.
983 1600 1045 1658 10
1076 1599 1357 1673 Quamvis
1381 1610 1764 1679 argumenta,
1801 1620 1934 1681 quae
1964 1598 2038 1658 ab
2081 1600 2427 1661 auctoritate

281 1695 620 1769 ducuntur,
661 1694 849 1773 magis
882 1695 1331 1776 patrocinentur
1363 1695 1669 1755 contrariae
1714 1695 2061 1770 sententiae,
2116 1716 2247 1776 quae
2297 1695 2430 1756 ideo

278 1790 542 1851 tenenda
566 1800 738 1865 esset,
763 1789 814 1847 si
835 1791 1076 1871 quaestio
1101 1812 1174 1850 ex
1199 1791 1549 1865 auctoritate
1571 1790 1908 1849 definienda
1937 1791 2112 1864 foret,
2133 1790 2427 1870 graviores

206 1901 209 1903 “
277 1898 482 1946 tamen
504 1886 762 1945 rationes
788 1884 1043 1945 militare
1074 1885 1356 1946 videntur
1383 1907 1493 1968 pro
1520 1885 1953 1966 Theologorum
1977 1884 2282 1946 Gallorum
2303 1907 2432 1945 sen·

278 1984 490 2044 tentia.
523 1984 594 2042 20
627 1983 864 2042 Etenim
890 2005 1083 2066 neque
1107 2005 1178 2043 ex
1215 1984 1302 2042 rei
1337 1994 1553 2043 natura
1578 2029 1594 2058 ,
1630 2005 1827 2066 neque
1866 2004 1938 2043 ex
1965 1984 2191 2043 ratione
2228 1985 2432 2044 Sacra-

277 2082 487 2154 menti,
513 2079 590 2139 ad
612 2102 791 2161 quam
817 2103 848 2138 a
876 2080 1108 2157 Christo
1131 2091 1404 2142 evectum
1430 2092 1522 2140 est
1552 2079 1820 2140 fidelium
1844 2081 2175 2160 conjugium
2199 2126 2215 2155 ‚
2234 2102 2430 2163 neque

282 2175 527 2236 demum
558 2197 631 2234 ex
660 2176 884 2233 mutuis
919 2175 1226 2256 utriusque
1269 2177 1612 2256 potestatiS‚
1667 2176 2064 2236 ecclesiasticae
2099 2187 2160 2236 et
2202 2175 2384 2235 civilis
2406 2222 2422 2251 ,

285 2269 672 2332 relationibus
704 2270 937 2330 ostendi
966 2282 1162 2352 potest
1183 2315 1199 2346 .,
1236 2270 1706 2330 Christianorum
1743 2273 2079 2351 conjugium
2104 2273 2184 2331 ita
2216 2273 2292 2330 ad
2322 2273 2430 2331 Ec-

279 2366 518 2427 clesiam
557 2367 892 2449 pertinere,
936 2378 1004 2425 ut
1036 2366 1256 2448 pariter
1296 2388 1420 2425 non
1455 2366 1643 2426 subsit
1675 2367 2018 2450 Principum
2057 2367 2333 2450 potestati
2364 2369 2432 2428 in

278 2463 486 2524 ordine
526 2463 601 2524 ad
636 2462 1068 2546 impedimenta
1109 2462 1446 2522 dirimentia
1482 2462 1919 2522 constituenda.
1964 2462 2031 2522 30
2071 2464 2256 2538 Sane,
2292 2462 2430 2523 licet

279 2560 727 2621 Matrimonium
760 2571 1034 2621 evectum
1073 2561 1150 2618 sit
1183 2559 1259 2619 ad
1301 2559 1649 2640 dignitatem
1688 2561 2051 2621 Sacramenti
2077 2607 2092 2637 ‚
2140 2583 2263 2620 non
2295 2558 2428 2620 ideo

277 2656 451 2717 desiit
471 2678 595 2717 esse
620 2668 955 2717 contractus
979 2655 1265 2716 naturalis
1293 2668 1352 2717 et
1381 2657 1566 2718 civilis
1589 2682 1605 2732 ς
1640 2658 2086 2717 Sacramentum
2113 2657 2274 2717 enim
2301 2677 2426 2715 non

277 2748 437 2814 tollit
461 2764 868 2826 contractum,
902 2764 970 2811 ut
998 2764 1197 2836 patet3
1236 2764 1295 2812 et
1322 2753 1420 2813 ille
1445 2764 1780 2813 contractus
1813 2775 1938 2812 non
1970 2755 2163 2813 minus
2199 2761 2425 2835 spectat

280 2850 358 2911 ad
391 2848 618 2909 bonum
659 2849 986 2922 societati83
1026 2869 1162 2928 ergo
1187 2870 1422 2931 semper
1445 2848 1721 2908 subditur
1752 2850 2031 2931 Principi.
2066 2848 2186 2908 Sub
2210 2871 2278 2908 eo
2308 2870 2425 2908 res-

278 2957 456 3030 pectu
492 2946 670 3026 igitur
710 2965 918 3005 verum
971 2955 1059 3004 est
1083 2990 1099 3020 ,
1147 2946 1454 3004 materiam
1492 2946 1853 3004 Sacramenti
1894 2966 2018 3004 esse
2056 2956 2425 3006 contractum

279 3042 538 3125 Principi
580 3040 948 3120 subjectum,
989 3052 1050 3101 et
1079 3040 1322 3123 quidem
1358 3051 1726 3100 contractum
1775 3044 2121 3101 naturalem
2144 3088 2159 3117 .,
2204 3043 2266 3100 in
2306 3062 2426 3124 quo

281 3140 392 3199 sita
440 3149 526 3199 est
567 3137 834 3217 ejusdem
879 3137 1242 3197 Sacramenti
1288 3137 1552 3196 materia.
1601 3138 1707 3196 Hic
1758 3137 1900 3197 item
1961 3149 2291 3198 contractus
2334 3147 2423 3197 est

281 3234 465 3297 civilis
481 3282 498 3311 ,
524 3257 661 3294 cum
687 3234 844 3294 inter
873 3234 1028 3293 cives
1049 3233 1254 3309 initur,
1280 3245 1341 3294 et
1366 3233 1497 3293 ideo
1520 3232 1722 3293 subest
1747 3234 2035 3317 Principis
2062 3234 2419 3309 auctoritati,

282 3331 385 3413 qui
427 3331 707 3392 eumdem
753 3341 1125 3390 contractum
1164 3341 1363 3411 potest
1396 3330 1663 3405 irritare,
1705 3331 1884 3390 etiam
1927 3342 2103 3412 prout
2137 3328 2420 3389 naturalis

285 3547 493 3599 tholicus
513 3550 994 3615 magnassveneratione
1020 3553 1190 3616 excipit
1206 3568 1302 3599 res-
1386 3554 1628 3617 gationum
1673 3569 1773 3618 quae
1834 3552 2073 3601 consulere
2135 3550 2281 3599 solent
2323 3546 2414 3595 Ro-

284 3649 431 3697 pousa
461 3642 543 3681 aut
560 3632 740 3683 decreta
761 3632 1079 3685 Romanarum
1100 3632 1303 3700 Congre-
1387 3652 1549 3685 manos
1565 3634 1832 3698 PontificcS,
1850 3645 2100 3701 antequam
2115 3651 2167 3683 ea
2179 3632 2418 3682 emittant.
