2508 4120
280 102 399 162 186

986 124 1305 163 TRAGTATUS
1347 127 1414 164 DE
1458 128 1685 167 omnim.

280 267 518 349 quidem
543 265 947 347 infrequentiae
976 265 1085 325 alia
1111 287 1278 327 causa
1308 268 1583 348 assignari
1600 291 1720 328 non
1736 282 1929 352 potest
1951 287 2163 356 praeter
2187 279 2397 358 ingen-

281 376 401 422 tem
452 361 713 421 caelibum
768 359 1284 421 ecclesiasticorum
1333 363 1792 424 multitudinem.
1852 367 1917 424 90
1973 369 2122 429 Hinc
2165 374 2398 454 spiritus

280 459 488 533 saeculi,
515 456 672 538 quod
695 461 762 515 in
782 480 1116 537 proyressu7
1140 468 1207 517 ut
1230 463 1417 536 ajunt7
1446 472 1740 535 versatur,
1767 484 1889 521 non
1906 462 2155 544 amplius
2185 470 2402 548 patitur

279 553 563 631 ejusmodi
597 554 1030 613 institutionem
1064 554 1323 635 (1).100
1361 557 1582 631 Quare7
1622 569 1686 616 ut
1724 557 1961 619 demum
1986 559 2359 642 abrogaretur
2382 610 2398 633 7

278 648 566 729 supplices
587 649 769 708 libelli
797 672 918 708 non
942 651 1021 708 ita
1038 650 1266 731 pridem
1286 650 1583 730 guberniis
1610 652 1730 711 dati
1759 666 1896 713 sunt
1922 655 2036 734 (2),
2062 656 2134 715 de
2151 679 2400 738 quorum

277 743 424 802 felici
457 746 614 803 exitu
652 767 782 825 spes
824 767 947 804 non
987 746 1211 806 modica
1250 745 1507 825 affulget.
1541 750 1708 827 ErgO.

358 840 497 898 224.
545 843 716 923 Resp.
773 842 860 900 Ad
906 844 1017 916 lm,
1067 845 1226 902 Dz'st.
1271 841 1511 901 Caelibes
1553 844 1872 902 universim
1908 846 2126 926 sumpti
2146 891 2162 920 7
2206 868 2365 905 conc.
2386 868 2407 915 ‚·

276 935 647 995 ecclesiastici
667 982 682 1011 7
714 959 844 1017 neq.
881 938 1096 1019 Mirum
1120 948 1208 995 est
1227 981 1243 1012 7
1270 937 1758 1019 pseudopoliticos
1784 960 1915 997 cum
1941 941 2406 1001 protestantibus

276 1031 338 1088 in
376 1054 563 1090 unum
603 1032 805 1095 invehi
837 1031 1166 1091 caelibatum
1204 1031 1653 1092 ecclesiasticum
1696 1045 1978 1116 tanquam
2024 1036 2256 1095 unicam
2294 1038 2409 1096 rei-

276 1127 522 1210 publicae
539 1129 860 1210 perniciem
881 1174 896 1203 7
932 1139 990 1187 et
1014 1127 1209 1187 oculos
1239 1139 1499 1191 avertere
1523 1128 1596 1187 ab
1621 1130 1905 1190 immensa
1931 1131 2194 1191 caelibum
2216 1131 2407 1205 turba,

279 1245 408 1305 quae
431 1247 567 1284 vera
599 1246 766 1283 causa
797 1224 994 1283 existit
1024 1223 1260 1299 damni,
1294 1225 1452 1307 quod
1478 1225 1851 1307 respublicaa
1872 1227 2134 1286 caelibatu
2165 1229 2409 1310 patitur.

278 1320 443 1400 Viget
487 1321 647 1379 enim
688 1332 902 1402 praeter
940 1319 1391 1380 ecclesiasticum
1428 1320 1723 1380 caelibatus
1763 1323 2067 1398 militaris7
2121 1323 2412 1383 caelibatus

278 1417 545 1476 nauticus
561 1463 578 1494 7
602 1416 900 1477 caelibatus
923 1416 1388 1498 philosophicus.
1415 1416 1710 1476 caelibatus
1732 1418 2050 1478 famulitius
2078 1465 2093 1492 7
2120 1419 2411 1479 caelibatus

275 1511 584 1573 libertinus
607 1539 622 1586 3
650 1536 784 1572 cum
807 1511 1016 1594 quibus
1036 1512 1307 1571 omnibus
1333 1512 1379 1570 si
1396 1525 1810 1593 comparentur
1833 1516 1999 1595 pauci
2022 1515 2408 1588 ecclesiastici7

271 1611 373 1691 qui
399 1610 824 1668 continentiam
858 1610 1247 1690 profitentur,
1278 1606 1502 1690 patebit
1523 1653 1538 1682 7
1582 1609 1701 1667 risu
1740 1610 2114 1692 excipiendos
2148 1631 2271 1669 esse
2302 1610 2414 1668 ad·—

275 1706 667 1765 versariorum
711 1705 991 1764 clamores
1014 1749 1029 1778 7
1078 1704 1177 1785 qui
1220 1725 1290 1763 ex
1330 1703 1451 1762 solo
1497 1703 1629 1762 odio
1667 1705 1729 1762 in
1764 1704 1983 1764 olerum
2020 1706 2402 1779 catholicum7

273 1823 377 1860 seu
406 1804 600 1883 potius
629 1803 691 1859 in
731 1801 1076 1879 religionem
1107 1799 1449 1858 catholicam
1489 1800 1775 1859 oriuntur.
1824 1803 1883 1860 Si
1914 1813 2223 1884 tantopere
2268 1801 2405 1882 ipsis

272 1898 432 1957 cordi
465 1909 553 1956 est
583 1897 912 1979 reipublicae
947 1895 1239 1977 profectus
1260 1941 1275 1969 7
1308 1916 1486 1977 quare
1519 1917 1640 1953 non
1666 1898 1976 1977 insurgunt
2002 1899 2064 1955 in
2094 1897 2405 1956 recensitos

274 1993 568 2054 caelibatus
585 2039 602 2072 7
621 2017 651 2053 a
671 1993 883 2076 quibus
902 1994 1349 2051 innumerorum
1377 1992 1590 2052 civium
1616 1994 1935 2074 procreatio
1960 1993 2278 2076 impeditur
2297 2037 2311 2065 7
2348 2001 2406 2051 et

275 2092 375 2172 qui
415 2113 584 2149 causa
616 2102 755 2148 sunt
779 2090 1027 2148 effraenis
1055 2087 1315 2146 libidinis
1341 2099 1400 2146 et
1427 2089 1699 2147 vitiorum
1725 2089 1988 2151 colluviei
2015 2090 2103 2168 (3)
2120 2090 2147 2146 Ρ
2169 2087 2336 2162 Quod
2358 2088 2406 2145 si

274 2187 641 2246 ecelesiastici
666 2185 774 2244 sub
799 2186 992 2266 aliquo
1016 2195 1286 2265 respectu
1314 2183 1663 2242 defraudant
1692 2185 1913 2243 civibus
1937 2184 2364 2265 rempublicam
2386 2228 2401 2258 7

277 2282 510 2342 abunde
539 2291 924 2364 compensant
967 2280 1072 2338 hoc
1105 2279 1529 2338 detrimentum
1560 2301 1667 2361 per
1699 2282 2203 2340 conservationem
2233 2279 2404 2337 fami-

347 2491 411 2554 (l)
453 2490 521 2551 Ita
563 2488 845 2537 Professores
887 2487 1218 2553 Friburgenses
1245 2489 1295 2532 in

279 2574 438 2622 libello
462 2572 659 2637 supplici
679 2609 691 2630 7
716 2572 774 2619 de
801 2589 894 2636 quo
924 2588 1031 2618 mox
1064 2570 1292 2617 dicemus.

349 2657 417 2719 (2)
456 2655 544 2702 An.
598 2650 724 2701 1828
767 2664 857 2702 tres
903 2655 999 2701 dati
1038 2664 1147 2701 sunt
1179 2655 1300 2717 ejus-

277 2739 405 2786 modi
434 2737 578 2786 libelli
601 2756 626 2785 a
654 2735 991 2784 Professoribus
1018 2735 1298 2799 Friburgen-

283 2822 409 2871 sibus
446 2824 495 2868 in
539 2821 743 2887 Brisgoja
766 2858 778 2879 7
833 2820 948 2867 alter
985 2835 1153 2882 magno
1193 2819 1299 2865 duci

281 2905 480 2952 Badensi
496 2939 512 2964 ‚
535 2905 647 2952 alter
666 2906 865 2952 comitiis
891 2901 1046 2965 magni
1074 2901 1298 2962 ducatus,

282 2990 440 3036 tertius
468 2986 691 3052 Episcopo
715 2986 1027 3049 Friburgensi.
1051 2983 1107 3030 In
1129 2984 1300 3030 ducatu

284 3070 724 3120 Hesse—Darmstadt
755 3069 943 3135 quidam
967 3067 1219 3132 deputatus
1236 3064 1297 3123 D.

284 3152 508 3201 Ernestus
526 3153 780 3201 Hoffmann
795 3187 809 3211 ‚
831 3152 905 3199 die
933 3148 988 3197 15
1006 3150 1118 3199 Jun.
1144 3146 1294 3202 1830,

284 3237 451 3284 obtulit
470 3239 640 3300 pariter
668 3237 1027 3300 propositionem
1047 3269 1060 3289 7
1093 3250 1170 3279 seu
1203 3246 1302 3277 mo-

282 3320 456 3364 tionem
477 3330 528 3365 ut
554 3328 739 3377 vocant,
771 3318 829 3365 ad
856 3316 1132 3364 abolendam
1155 3316 1300 3378 legem

285 3400 520 3448 eaelibatus
536 3401 846 3451 ecclesiastici.
869 3399 981 3448 Item
996 3398 1070 3445 die
1097 3413 1150 3460 17
1172 3395 1300 3459 Sept.

289 3483 499 3549 ejusdem
532 3487 642 3531 anni
676 3485 809 3549 plura
843 3483 959 3531 ibid.
996 3480 1167 3529 diffusa
1199 3490 1304 3526 sunt

290 3565 514 3630 postulata
555 3566 614 3613 ad
653 3567 869 3615 eumdem
911 3566 1073 3613 finem.
1103 3562 1304 3612 Demum

289 3652 337 3697 in
383 3645 541 3696 Galliis
598 3645 726 3713 1829
760 3659 802 3697 et
848 3646 972 3696 1830
1014 3648 1111 3694 haec
1145 3645 1301 3694 eadem

1384 2488 1573 2551 quaestio
1602 2489 1831 2550 proposita
1865 2495 1910 2534 et
1947 2488 2118 2550 agitata
2146 2496 2214 2534 est
2242 2488 2291 2535 in
2323 2505 2402 2552 pu·

1385 2568 1515 2615 blicis
1541 2571 1664 2632 regni
1695 2570 1910 2616 comitiis,

1452 2650 1517 2711 (3)
1562 2651 1661 2699 Cfr.
1708 2651 2054 2699 Dictionnaire
2097 2649 2266 2713 abreqe
2321 2649 2402 2695 des

1385 2735 1592 2781 sciences
1604 2732 1875 2792 medic-ales,
1895 2732 2039 2779 Milan
2065 2730 2209 2791 1822,
2231 2731 2319 2779 vol.
2336 2748 2404 2791 lv,

1388 2835 1432 2864 v.
1463 2826 1547 2863 art.
1599 2814 1822 2873 Galiba,
1867 2813 2190 2872 Constuenoe,
2228 2814 2406 2860 Incon-

1387 2900 1594 2956 tinence,
1619 2900 1667 2944 in
1684 2895 1851 2961 quibus
1867 2896 2100 2943 evidenter
2123 2896 2398 2954 ostenditur,

1395 2998 1491 3028 non
1521 2999 1574 3028 ex
1614 2978 1832 3026 caelibatu
1868 2980 2047 3025 virtutis
2081 2994 2134 3025 ac
2171 2978 2401 3043 religionis

1386 3078 1520 3111 causa
1556 3071 1765 3126 suscepto
1787 3099 1800 3125 7
1834 3061 1914 3109 sed
1947 3078 1999 3109 ex
2030 3060 2237 3108 caelibatu
2267 3064 2406 3109 invo-

1387 3147 1586 3193 luntario
1609 3182 1622 3206 ‚
1648 3163 1700 3192 ex
1735 3146 2068 3192 incontinentia
2099 3150 2191 3190 sive
2222 3145 2271 3189 in
2291 3161 2403 3191 con-

1383 3231 1510 3294 jugio
1540 3232 1632 3276 sive
1647 3238 1769 3275 extra
1797 3229 2065 3292 conjugium
2085 3263 2097 3285 7
2131 3243 2317 3273 omnem
2337 3243 2403 3273 so-

1387 3314 1561 3359 cietatis
1582 3310 1803 3358 moralem
1822 3311 2158 3373 corruptionem
2191 3309 2404 3373 proveni-

1389 3411 1436 3442 re
1452 3429 1467 3453 ,
1503 3394 1671 3441 sobolis
1691 3394 2051 3458 procreationem
2066 3391 2296 3455 impediri,
2318 3397 2403 3435 etc.

1392 3475 1487 3524 Nec
1507 3478 1784 3524 dissentiunt
1815 3474 1987 3522 Malion
2004 3510 2020 3535 ‚
2068 3471 2245 3520 Franck
2263 3507 2276 3530 7
2306 3469 2404 3517 alii-

1402 3578 1492 3625 que
1524 3560 1757 3607 caelibatus
1779 3558 2072 3607 ecclesiastici
2097 3557 2404 3602 insectatores.
