2508 4120
509 243 631 281 cu».
681 243 765 280 111.
815 244 883 279 nn
926 240 1303 279 muscoronum
1346 233 1745 276 rausum-u.
2089 213 2204 272 125

94 395 530 472 praeponeretur
562 385 783 444 ceteris,
823 386 1008 465 Atque
1031 384 1109 442 ita
1131 382 1350 442 desiere
1373 381 1498 462 pari
1523 400 1643 438 non
1667 377 1856 436 solum
1880 377 2163 456 dignitate
2185 423 2201 448 .

94 484 194 542 sed
228 483 406 541 etiam
441 479 643 539 ordine
679 500 742 537 ac
778 488 1067 560 potestate
1104 477 1303 558 plures
1341 475 1521 534 creari
1548 519 1564 548 .
1603 472 1882 532 translata
1924 473 1988 531 in
2023 494 2211 531 unum

96 591 220 638 tam
263 577 496 636 honoris
545 597 722 658 quam
763 574 1180 654 jurisdictionis
1231 571 1647 654 praerogativa,
1692 581 1751 629 et
1795 570 2221 661 Episcoporum*

98 674 376 732 successio
399 672 575 753 coepit
596 672 704 753 (l).
741 673 823 729 Ex
853 670 961 728 hoc
989 679 1184 727 autem
1211 677 1522 746 systemate
1544 710 1560 740 ‚
1592 666 1749 746 quod
1776 664 2100 724 Mamachio
2121 664 2211 744 (2)

101 769 339 849 aliisque
367 767 711 826 doctissimis
740 765 880 825 viris
906 762 1076 824 valde
1106 759 1389 843 probatur
1406 803 1423 834 ,
1450 781 1572 817 non
1602 759 1777 819 modo
1805 761 2203 841 consequitur,

101 884 404 944 nunquam
446 864 509 920 in
557 861 804 922 Ecclesia
855 880 976 917 non
1018 858 1191 916 fuisse
1236 862 1593 935 potestatum
1643 854 2042 937 graduumque
2093 855 2215 914 dis-
2262 849 2266 852 ’

98 958 322 1016 crimen
351 1003 366 1032 ⁷
419 958 793 1038 Episcopatus
845 973 1058 1034 nempe
1104 962 1164 1010 et
1211 948 1652 1030 Presbyter-atus
1680 994 1696 1023 .,
1746 949 1884 1009 licet
1928 950 2102 1010 ambo
2150 950 2214 1010 hi

100 1053 319 1111 fuerint
357 1051 571 1133 passim
600 1052 662 1108 in
689 1048 891 1108 eadem
920 1048 1107 1128 capita
1143 1044 1366 1120 collati,
1397 1045 1502 1104 sed
1543 1055 1823 1126 praeterea
1855 1067 2060 1105 omnes
2084 1069 2218 1128 pro·

102 1148 317 1228 positas
346 1145 712 1209 difficultates
743 1143 906 1202 facile
937 1142 1152 1220 disjici,
1182 1152 1250 1200 ut
1279 1139 1515 1200 cuilibet
1544 1139 1933 1200 consideranti
1963 1142 2213 1222 patebit.

190 1241 323 1299 105.
352 1240 482 1318 Obj.
511 1238 784 1298 secunda.
820 1239 900 1296 Ex
924 1235 1188 1296 Patribus
1210 1236 1623 1317 antiquissimis
1658 1236 1720 1294 1ο
1748 1235 1846 1294 alii
1873 1237 2217 1296 universum

103 1336 320 1396 clerum
349 1336 411 1392 in
434 1334 577 1392 duos
597 1344 831 1392 tantum
871 1333 1104 1391 ordines
1132 1352 1234 1390 seu
1257 1330 1465 1390 classes
1489 1329 1850 1389 distribuunt
1869 1376 1885 1402 .,
1913 1329 2215 1412 Presbyte-

104 1452 306 1491 rorum
339 1428 554 1488 scilicet
588 1440 646 1488 et
669 1429 1056 1487 Diaconorum
1076 1473 1092 1502 ,
1119 1448 1239 1485 non
1264 1426 1734 1486 commemoratis
1763 1426 2053 1508 Episcopis
2073 1473 2089 1502 ‚
2117 1439 2221 1486 aut

106 1525 519 1605 Episcoporum
546 1535 606 1582 et
640 1524 1024 1582 Diaconorum
1043 1567 1058 1597 n
1083 1544 1204 1580 non
1227 1522 1696 1580 commemoratis
1717 1520 2074 1602 Presbyteris
2093 1522 2216 1604 (3).·,

102 1621 173 1678 2⁰
206 1619 299 1678 alii
336 1629 548 1678 vocant
579 1617 949 1698 Presbyteros
976 1616 1386 1699 Apostolorum
1408 1637 1759 1676 successores
1792 1616 1885 1696 (4)
1911 1642 1927 1690 ς
1968 1617 2035 1676 30
2064 1619 2222 1700 Epis-

106 1715 232 1796 copi
260 1713 687 1772 ordinationem
729 1719 1013 1772 novellam
1051 1712 1257 1771 dicunt
1300 1712 1427 1791 (5);
1472 1711 1538 1769 40
1577 1710 1674 1769 alii
1718 1711 1974 1793 denique
2000 1722 2222 1773 veteres

109 1810 372 1890 Episcopi
405 1807 777 1888 Presbyteros
806 1808 1021 1889 passim
1057 1806 1359 1888 appellant
1395 1813 1628 1885 colleqas
1649 1829 1782 1866 suos
1803 1853 1818 1882 ,
1852 1810 2222 1888 compresby-

108 1916 294 1973 ter03‚
336 1908 558 1983 fratres
602 1915 704 1962 aut
750 1904 1000 1963 vicissim
1047 1901 1158 1982 (6).
1213 1904 1353 1979 Quae
1402 1903 1651 1961 totidem
1699 1916 2042 1981 argumenta
2084 1915 2223 1963 sunt

109 2000 376 2081 perfectae
410 2001 822 2080 Episcoporum
865 2010 923 2057 et
959 1997 1439 2077 presbytororum
1480 1997 1846 2079 aequalitatiS.
1888 2000 2053 2079 Ergo,

194 2094 326 2153 106.
372 2096 544 2175 Resp.
582 2093 670 2152 Ad
712 2094 827 2165 1¹1¹,
868 2095 1024 2152 Dist.
1061 2095 1259 2151 Patres
1294 2092 1470 2174 aliqui
1497 2093 1717 2151 clerum
1746 2093 1808 2151 in
1834 2093 1982 2153 duas
2013 2093 2221 2154 classes

109 2189 431 2248 universim
450 2188 809 2247 distribuunt
825 2188 1142 2269 peculiares
1157 2187 1231 2246 ob
1251 2209 1447 2246 causas
1463 2232 1481 2265 ,
1509 2210 1696 2257 conc.;
1728 2189 1801 2247 ad
1827 2190 2223 2251 exclusionem

109 2283 206 2345 vel
237 2285 613 2366 Episcopatus
648 2283 745 2343 vel
782 2281 1214 2363 presbyteratus
1236 2327 1252 2358 ‚
1291 2293 1391 2341 aut
1419 2283 1595 2343 etiam
1636 2283 1710 2342 ob
1735 2285 1981 2344 istorum
2016 2285 2224 2344 identi-

112 2391 295 2440 tatem
314 2424 330 2455 ,
363 2402 489 2460 neq.
514 2381 708 2439 Causae
738 2390 965 2449 autem,
989 2377 1065 2437 ob
1104 2399 1245 2460 quas
1273 2377 1396 2437 haec
1425 2378 1753 2438 distributio
1786 2379 1859 2438 ab
1888 2379 2000 2438 illis
2028 2381 2224 2439 Patri-

113 2471 220 2532 bus
256 2475 404 2532 facta
441 2486 528 2532 est
548 2519 564 2546 ‚
593 2475 779 2555 repeti
816 2484 1060 2556 possunt
1095 2474 1157 2531 1ο
1187 2495 1259 2532 ex
1293 2475 1518 2532 unitate
1547 2475 1902 2548 Sacerdotii3
1949 2475 2016 2532 2⁰
2040 2484 2121 2534 'ex
2154 2496 2223 2534 eo

116 2568 271 2649 quod
295 2613 312 2644 ‚
365 2579 618 2649 spectata
660 2568 813 2626 illius
857 2569 1042 2627 aetatis
1087 2567 1481 2627 ecclesiasticae
1529 2568 1811 2644 infantia,
1861 2569 2074 2629 alicubi
2112 2569 2219 2629 soli

186 2813 250 2878 (1)
285 2814 349 2862 lta
373 2814 526 2863 Petav.
541 2817 708 2879 passim
727 2852 740 2875 ‚
758 2805 1002 2878 praesertim
1019 2831 1124 2863 vero
1281 2811 1344 2878 (3)
1383 2813 1454 2862 Ita
1475 2812 1691 2863 Clemens
1728 2813 1865 2863 Rom.
1912 2818 1962 2864 in
1990 2814 2028 2862 I
2054 2815 2222 2883 Epist.

118 2895 392 2946 Dissertatt.
437 2896 723 2945 Ecclesiast.
760 2897 844 2946 lib.
879 2914 894 2944 1
914 2934 926 2957 ,
965 2914 1065 2962 cap.
1099 2912 1117 2944 1
1210 2896 1275 2944 ad
1301 2895 1522 2945 Corinth.
1554 2915 1602 2944 n.
1631 2914 1709 2944 seu
1738 2915 1838 2962 cap.
1879 2895 1963 2961 423
1997 2897 2045 2946 S.
2086 2900 2223 2966 Poly-

119 2990 164 3026 et
182 2995 209 3026 2
236 2996 251 3041 3
297 2989 343 3028 et
374 2979 430 3027 de
468 2977 577 3026 eccl.
614 2977 914 3041 Hierarchia
932 3014 948 3039 ,
972 2979 1052 3027 lib.
1075 2996 1091 3026 1
1109 3016 1121 3039 ,
1210 2996 1375 3042 carpus
1404 2981 1455 3026 in
1494 2978 1660 3044 Epist.
1690 2978 1755 3026 ad
1776 2975 1995 3046 Phith.
2018 2981 2224 3031 Justinus

119 3077 222 3124 cap.
245 3058 292 3122 4.
1210 3058 1355 3127 Apol.
1371 3077 1418 3124 13
1435 3060 1667 3110 Clemens.
1685 3062 1817 3110 Alex.
1840 3061 2015 3111 Strom.
2035 3063 2120 3112 lib.
2137 3080 2223 3125 vn3

190 3140 254 3204 (2)
294 3140 493 3207 Oriqin.
532 3151 576 3190 et
614 3143 845 3206 antiquit.
869 3141 1120 3191 christicm.
1210 3142 1489 3208 CyprianuS,
1509 3140 1799 3207 Epist.1.xi=;
1821 3143 2036 3199 Hilarius,
2054 3141 2122 3190 In
2135 3140 2222 3196 Pa.

121 3231 236 3270 tom.
268 3239 332 3282 iv,
369 3242 470 3289 pag.
508 3224 602 3291 337
637 3234 681 3272 et
710 3241 841 3289 seqq.
877 3234 1124 3290 monetque
1210 3241 1365 3281 cxxiv,
1403 3224 1573 3289 aliique
1604 3226 1729 3291 apud
1758 3224 2024 3272 Witassium
2051 3236 2096 3275 et
2113 3225 2217 3276 Nat.

120 3304 345 3369 ejusmodi
383 3305 633 3370 Episcopos
679 3305 882 3354 secundo
910 3316 953 3354 et
991 3309 1123 3354 tertio
1211 3308 1342 3356 Alex.
1373 3307 1486 3357 locis
1511 3312 1610 3357 citt.

123 3384 277 3432 seculo
306 3385 568 3452 Episcopo&
591 3389 845 3435 nationum
867 3387 1008 3436 fuisse
1038 3405 1121 3452 ap·
1282 3389 1347 3453 (14)
1387 3389 1446 3438 Ut
1463 3407 1645 3438 rursum
1677 3388 1823 3437 Clem.
1859 3389 1992 3438 Rom.
2021 3394 2069 3439 in
2105 3410 2124 3442 1
2159 3392 2223 3441 ad

123 3466 314 3529 pellatos
340 3504 352 3526 ‚
375 3469 537 3532 quade
563 3487 611 3517 re
625 3469 813 3517 Photius
833 3467 938 3518 cod.
962 3485 1121 3519 nvm-
1215 3471 1327 3520 Cor.
1357 3489 1457 3536 cap.
1488 3487 1504 3518 1
1534 3487 1549 3534 3
1580 3471 1769 3535 Papiae,
1787 3471 1908 3535 apud
1934 3471 2102 3523 Euseb.
2129 3475 2225 3527 loc.

126 3547 223 3596 Cfr.
261 3551 400 3597 etiam
438 3548 763 3599 Thomassinus
784 3587 798 3609 ‚
843 3548 916 3599 De
951 3559 1042 3601 vet.
1081 3560 1126 3599 et
1210 3552 1664 3613 cit.1renaeus‚lib.
1702 3568 1751 3599 in
1772 3588 1786 3612 ‚
1818 3569 1922 3618 cap.
1958 3569 1987 3600 2
2023 3555 2140 3606 ibid.

127 3647 251 3679 nova
272 3623 457 3680 Eccles.
481 3632 739 3699 disciplina
757 3670 771 3694 ,
794 3643 908 3682 tom.
926 3651 961 3696 1,
984 3635 1064 3685 lib.
1084 3650 1122 3695 1,
1280 3635 1347 3697 (25)
1387 3633 1446 3681 In
1476 3632 1526 3680 E
1519 3633 1642 3698 pist.
1666 3632 1732 3680 ad
1753 3632 1982 3699 Maqnee.
2001 3654 2098 3703 cap.
2134 3638 2187 3688 3.

127 3730 228 3778 cap.
258 3711 338 3776 54.
1279 3715 1348 3778 (6)
1381 3712 1479 3763 cfr.
1506 3714 1629 3779 apud
1662 3715 1764 3765 citt.
1787 3722 2012 3771 auctores.
