2508 4120
2068 182 2180 240 197

518 211 639 247 CAP.
687 209 750 250 V.,
795 211 861 245 DE
905 208 1185 246 CAELIBATU
1229 206 1569 245 ECCLESIAST.
1619 207 1741 243 E'rc.

79 367 136 416 et
171 354 419 412 filiorum
446 350 713 426 turbam,
753 361 819 409 ut
862 350 1082 410 vellent
1120 348 1470 422 adversarii,
1507 346 1718 406 addicti
1763 355 1954 405 essent
1981 346 2182 403 Sacer-

77 450 238 507 dotes
281 447 471 506 mariti
499 491 513 519 ,
569 445 793 505 deesset
822 449 945 521 jam
982 455 1246 502 centrum
1284 463 1595 501 commune
1644 441 1918 514 unitati5‚
1964 459 2028 498 ac
2075 461 2182 520 pro

74 543 404 603 diversitate
444 543 710 599 Statuum
761 561 860 598 seu
897 537 1337 616 principatuum
1368 535 1661 607 diversae,
1709 535 1827 593 imo
1877 534 2180 593 contrariae

73 649 263 696 essent
299 636 807 695 ecclesiasticorum
833 630 1248 692 sollicitudines
1276 675 1293 704 7
1330 628 1501 691 divisi
1545 638 1739 689 essent
1766 629 1838 688 ab
1881 629 2136 688 invicem
2163 674 2186 703 ‚a

73 733 158 789 uti
183 734 597 789 protestantes,
2096 735 2100 737 “
2131 785 2134 786 ⁷

153 825 290 883 237.
348 824 856 883 Protestantismus
905 841 1040 879 cum
1076 819 1259 877 vitam
1300 817 1365 875 in
1409 817 1722 898 semetipso
1766 839 1888 876 non
1932 817 2179 891 habeat,

74 918 436 978 adminiculis
478 915 857 977 exterioribus
898 935 1042 996 opus
1078 911 1259 971 habet
1295 923 1361 970 ut
1394 923 1663 991 regatur,
1703 911 2063 993 Principibus
2088 913 2183 971 in-

75 1014 230 1093 diget
255 1013 354 1094 qui
383 1034 516 1072 cum
547 1012 820 1087 fulciant3
858 1021 918 1068 at
950 1006 1194 1067 Ecclesia
1234 1006 1512 1066 catholica
1547 1007 1669 1066 vim
1704 1028 1768 1065 ac
1800 1007 1984 1066 vitam
2019 1029 2184 1066 suam

72 1107 249 1167 habet
277 1128 347 1166 ex
380 1107 603 1165 unitate
643 1104 814 1176 fidei,
845 1103 1045 1184 capitis
1072 1122 1137 1159 ac
1159 1101 1401 1179 liturgiae
1427 1127 1443 1174 ς
1472 1099 1666 1160 habet
1697 1123 1728 1160 a
1765 1100 1994 1159 Christo
2039 1101 2182 1159 fun-

72 1203 273 1261 datore
297 1198 433 1277 suo;
455 1221 561 1259 nec
583 1220 727 1279 opus
748 1207 835 1256 est
856 1197 908 1256 ei
930 1196 1122 1277 aliquo
1146 1196 1416 1254 exteriori
1444 1194 1797 1264 adminiculo
1817 1194 1912 1254 vel
1935 1195 2147 1253 auxilio
2161 1240 2177 1267 ‚

70 1307 136 1354 ut
174 1297 366 1368 vivat,
409 1305 470 1353 et
508 1303 738 1371 regatur
782 1312 847 1350 ac
889 1301 1283 1349 conservetur.
1324 1289 1596 1362 Quinimo
1632 1290 1781 1357 vivit
1825 1310 1889 1347 ac
1930 1289 2179 1368 regitur,

68 1391 282 1448 frustra
310 1389 371 1445 in
406 1389 590 1468 ipsam
630 1382 1029 1445 obnitentibus
1066 1383 1335 1442 omnibus
1367 1384 1550 1464 portis
1575 1384 1748 1442 inferi
1781 1382 1855 1442 ad
1893 1385 2018 1461 ejus
2044 1382 2177 1442 des-

66 1485 413 1543 tructionem
446 1482 801 1541 consociatis..
827 1482 958 1539 Non
981 1478 1346 1538 obstantibus
1367 1478 1506 1536 diris
1533 1476 1967 1554 vexationibus,
1993 1499 2176 1539 novos

67 1599 295 1659 semper
335 1598 400 1635 ac
433 1576 686 1636 illustres
720 1575 868 1633 filios
902 1574 1178 1654 acquirit,
1204 1572 1347 1629 dum
1375 1573 1920 1646 ProtestantiSmUS‚
1948 1584 2171 1652 poten-

66 1672 418 1730 tissimorum
439 1672 657 1750 Regum
683 1690 746 1728 ac
775 1668 1110 1748 Principum
1133 1666 1493 1747 protectione
1516 1676 1703 1724 tectus
1722 1711 1738 1741 ,Ι
1776 1666 2032 1746 quotidie
2060 1687 2180 1724 ma-

67 1766 147 1845 gis
174 1765 417 1826 tabescit
437 1811 453 1840 7
489 1777 664 1847 atque
697 1763 772 1823 ad
797 1762 1118 1823 terminum
1144 1782 1315 1820 suum
1344 1771 1657 1841 properat,
1689 1771 1747 1820 et
1776 1759 1851 1820 ad
1875 1762 2179 1820 interitum

65 1861 266 1940 vergit.

63 2150 123 2181 ne
148 2132 212 2180 les
254 2135 415 2180 estimo
450 2135 622 2197 quere,
663 2134 707 2180 ee
746 2149 806 2179 ne
838 2132 902 2179 les
933 2130 1071 2196 place
1151 2130 1309 2176 choses
1335 2128 1619 2194 temporelles
1652 2138 1698 2176 et
1716 2127 2001 2193 perissables
2022 2163 2034 2185 ‚
2064 2136 2176 2174 tan-

59 2215 152 2279 'que
179 2213 303 2261 dam
332 2213 378 2261 la
406 2214 623 2261 derm'ere
656 2204 880 2260 classe'de
910 2228 982 2259 ses
1001 2211 1068 2275 of·
1154 2210 1231 2257 dis
1276 2209 1395 2275 qu’il
1435 2210 1640 2276 s'efforce
1673 2209 1912 2259 lui-meme
1931 2247 1943 2269 ‚
1978 2226 2090 2256 avec
2128 2208 2180 2256 la

55 2295 278 2359 ficiers...
319 2294 419 2342 Des
447 2312 536 2358 que
567 2293 615 2340 la
645 2293 849 2357 reliqion
885 2292 1075 2340 devient
1153 2296 1374 2340 sanction
1394 2293 1461 2339 du
1489 2301 1860 2356 qouvernement
1879 2330 1890 2351 ‚
1917 2290 2184 2339 d'attacher

64 2374 111 2422 la
140 2384 357 2423 servante
396 2375 452 2422 de
495 2374 686 2433 l’Etat‚·
729 2374 769 2422 il
798 2383 865 2421 est
887 2374 1074 2438 permis
1154 2374 1221 2422 les
1261 2375 1471 2421 hommes
1514 2391 1614 2422 aum
1661 2373 1840 2438 qaleres
1886 2373 1943 2420 de
1980 2373 2028 2419 la
2062 2374 2136 2420 vie
2158 2376 2183 2418 ?

64 2454 121 2502 de
151 2455 197 2501 la
231 2455 452 2519 reqarder
475 2455 597 2501 dam
626 2463 696 2501 cet
724 2459 818 2501 etat
859 2452 1072 2500 d'abaic-

64 2545 242 2583 semem
293 2552 468 2583 comme
528 2534 768 2598 l’euvraqe
824 2535 904 2581 des
946 2534 1078 2580 hom-

63 2635 188 2675 mes,
218 2626 262 2666 et
301 2620 450 2663 ‘meme
488 2620 665 2664 comme
696 2631 792 2662 une
817 2613 1074 2678 sotirberie.

68 2699 192 2746 C'est
218 2700 275 2746 de
318 2715 403 2745 nos
445 2700 589 2762 jours
631 2696 884 2744 seulement
932 2693 1078 2759 qu'on

65 2797 95 2828 a
110 2797 184 2845 pu
217 2781 322 2827 coir
355 2779 647 2837 I’industrie,
684 2778 730 2825 la
766 2777 886 2824 dicte
903 2814 915 2835 ‚
940 2775 1078 2840 {apo-

62 2860 257 2925 litiqae‚
287 2860 553 2909 l'economie
577 2859 737 2907 rurale
767 2866 812 2906 et
847 2858 895 2906 la
924 2857 1079 2924 police

64 2951 218 2991 entrer
239 2942 363 2991 dans
394 2941 441 2989 la
466 2941 685 2990 chaire...
705 2939 774 2987 Le
788 2942 949 3005 pretre
970 2938 1071 2985 doit

64 3025 214 3071 croire
240 3022 358 3087 qu’il
383 3023 576 3089 remplit
600 3040 655 3071 sa
687 3021 890 3069 destinee
912 3029 957 3068 et
977 3031 1079 3067 tous

66 3104 136 3150 ses
153 3102 333 3151 devoirs
348 3140 364 3161 ‚
386 3121 448 3152 en
457 3105 644 3169 faisant
659 3103 829 3150 lecture
841 3119 900 3150 en
919 3101 1081 3150 chaire

67 3186 147 3232 des
157 3184 477 3233 ordonnances
490 3186 546 3233 de
563 3186 608 3233 la
609 3184 694 3252 pol
696 3187 784 3232 ice.
792 3183 826 3231 I
827 3183 842 3230 l
852 3184 952 3232 doit
963 3184 1083 3231 dans

70 3281 140 3312 ses
171 3281 377 3312 sermons
406 3260 599 3331 public-r
642 3267 721 3312 des
749 3274 935 3312 recettes
970 3280 1082 3311 con-

74 3355 142 3393 tre
167 3345 232 3391 les
265 3347 543 3409 epizooties,
572 3355 778 3395 montrer
790 3346 837 3393 la
863 3347 1084 3392 nece-§site

76 3426 202 3476 dela
244 3429 577 3489 vaccination,
612 3438 656 3476 et
686 3427 885 3493 precher
919 3443 1004 3474 sur
1042 3425 1089 3474 la

77 3509 291 3556 muniere
321 3509 376 3555 de
400 3509 649 3574 prolomq‘er
674 3510 719 3556 la
737 3511 813 3556 vie
843 3508 1089 3556 humaine.

84 3589 330 3638 Comment
367 3589 485 3636 donc
522 3590 589 3653 s'y
616 3589 935 3655 prendre-bil
958 3591 1093 3654 apres

1157 2457 1223 2503 Ita
1236 2454 1559 2503 Marheinecke
1575 2456 1804 2518 professor
1821 2453 2189 2516 Heidelbergen·

1157 2539 1249 2596 sis,
1287 2535 1388 2582 Sur
1430 2535 1471 2583 le
1510 2536 1618 2582 vrai
1655 2535 1892 2582 caractere
1932 2534 1999 2580 du
2019 2536 2204 2597 preera-

1158 2615 1460 2679 evanqe'lique
1491 2652 1504 2671 ‚
1561 2619 1751 2679 impress
1774 2651 1789 2668 .
1829 2613 2087 2678 Hamburgi
2130 2617 2180 2661 in

1127 2732 1130 2736 -
1159 2713 1344 2744 musaeo
1385 2698 1531 2759 patrio
1557 2694 1896 2744 Germanorum
1916 2731 1931 2750 ,
1975 2695 2095 2743 trad.
2125 2695 2183 2742 de

1158 2777 1347 2826 l’allem.
1379 2776 1564 2824 Possem
1606 2776 1701 2824 haec
1741 2778 1996 2824 innumeris
2038 2793 2177 2840 prope

1161 2858 1377 2923 exemplis
1395 2859 1665 2906 confirmare
1686 2895 1698 2915 ‚
1722 2860 1808 2906 nisi
1835 2859 2014 2923 longius
2039 2875 2178 2922 quam

1161 2956 1242 3004 par
1267 2942 1324 2988 sit
1353 2939 1625 2988 abducerer.
1674 2938 1900 2987 Nonnulli
1941 2938 2178 3003 Principes

1163 3031 1461 3085 protestantes
1504 3022 1658 3069 conati
1700 3031 1808 3067 sunt
1849 3020 2057 3069 eamdem
2091 3036 2177 3082 po-

1163 3113 1368 3152 testatem
1407 3106 1456 3149 in
1500 3103 1675 3150 clerum
1723 3100 2008 3150 catholicum
2044 3116 2179 3147 exer-

1166 3201 1297 3247 cere3
1334 3165 1415 3231 ⁴ast
1455 3182 1838 3247 Archiepiscopus
1858 3181 2143 3229 Coloniensis
2164 3214 2181 3239 ‚

1167 3265 1310 3312 Arch.
1340 3264 1657 3312 Posnaniensis
1676 3301 1688 3323 ‚
1718 3265 1887 3328 aliique
1919 3278 2014 3308 non
2045 3263 2180 3324 pauci

1173 3346 1499 3405 ostenderunt,
1523 3346 1611 3394 alia
1649 3348 1814 3392 virtute
1843 3342 2050 3406 praeditos
2085 3359 2182 3390 esse

1173 3428 1435 3476 Sacerdotes
1467 3426 1713 3474 catholicos
1745 3423 1921 3471 caelibes
1944 3439 2036 3488 prae
2066 3425 2188 3486 igna-

1175 3513 1243 3557 vis
1293 3519 1336 3557 et
1383 3509 1570 3572 captivis
1622 3499 1987 3552 Protestantismi
2043 3506 2184 3551 mini-

1180 3593 1310 3649 stris,
1349 3607 1401 3637 eo
1422 3593 1520 3652 ipso
1551 3586 1676 3650 quod
1706 3586 1801 3633 solo
1831 3603 1884 3634 ac
1915 3587 2067 3651 patriae
2102 3600 2190 3648 per-

77 3670 175 3719 cela
213 3689 341 3738 pour
387 3672 606 3719 decacher
651 3670 713 3718 les
772 3670 975 3719 hommes
1021 3671 1101 3718 des
1182 3688 1371 3720 uxorem
1410 3679 1453 3718 et
1489 3668 1607 3716 filios
1635 3667 1770 3716 delixi
1805 3668 1913 3715 sint.
