2508 4120
2027 201 2140 260 241

485 223 603 259 CAP.
655 224 718 258 11.
768 222 834 258 DE
875 223 1211 260 MATRIMONH
1254 220 1727 260 PROPmETA'rIBUS.
1763 231 1766 234 ·

68 368 377 443 interrogat
408 386 419 420 :
468 365 631 442 Quid
660 375 742 422 est
771 375 968 422 aute-m
984 407 1004 433 ‚
1037 366 1095 422 si
1123 365 1378 442 infidelis
1396 364 1676 434 discedit,
1704 361 2001 421 discedat?
2043 363 2146 433 Ut,

48 463 122 518 ¹si
125 461 302 536 jubet
330 469 378 516 te
405 459 744 535 sacrificare
757 501 778 528 ,
806 469 915 515 aut
940 462 1161 516 sociam
1185 479 1299 516 esse
1319 460 1639 535 impietatis
1651 467 1899 535 propter
1924 457 2150 516 Matri—

65 558 367 624 monium,
390 563 502 610 aut
518 554 774 612 recedere
790 596 812 623 ,
851 554 1064 610 melius
1092 563 1201 620 est,
1237 561 1308 608 ut
1335 553 1651 609 divellatur
1684 552 2149 610 Matrimonium

66 670 248 727 quam
271 653 464 727 pietas
483 647 593 726 (l).
624 645 1086 727 Theophylactus
1105 689 1120 718 ,
1151 645 1250 725 qui
1274 645 1745 725 Chrysostomum
1773 645 1834 703 in
1858 645 2151 726 epitomen

68 744 287 822 redegit
307 788 322 814 .,
357 741 558 800 eadem
576 742 758 801 ferme
784 740 960 800 verba
993 738 1235 797 adhibet
1261 739 1320 796 in
1336 750 1647 797 comment.
1676 739 1738 796 in
1763 738 1922 798 hunc
1944 738 2153 810 locum,

68 837 320 895 scribens
349 857 362 894 :
407 837 603 893 Veluti
632 841 688 894 si
721 836 838 892 tibi
861 838 1143 913 imperet,
1183 843 1256 891 ut
1289 854 1411 890 suoe
1433 829 1739 912 Particeps
1762 834 1876 911 fias
1895 834 2154 911 infideli-

68 934 206 988 tatis
236 941 344 987 aut
372 931 635 987 discedas
664 951 704 986 a
730 929 1146 995 Blatrimouio,
1183 928 1442 994 discede;
1477 932 1667 985 satius
1705 932 1865 985 enim
1895 938 1977 986 est
2016 949 2155 986 cou-

66 1027 326 1082 nubium
358 1026 566 1082 solvere
597 1044 782 1101 quam
798 1029 1078 1101 pietatem
1094 1021 1206 1099 (2).
1231 1020 1444 1080 Eadem
1466 1020 1688 1079 ratione
1717 1021 1959 1101 exponit·
1971 1023 2156 1081 OEcu-

66 1120 289 1178 menius
317 1117 420 1197 (3).
451 1119 787 1176 Sermonem
827 1138 964 1175 vero
1001 1116 1064 1173 in
1098 1115 1187 1173 his
1227 1136 1349 1173 esse
1391 1114 1470 1174 de·
1503 1113 1876 1174 dissolutione
1910 1117 2155 1194 conjugii

67 1213 257 1295 quoad
284 1204 576 1270 vinculum
597 1255 612 1281 a
656 1211 777 1291 ipsa
813 1210 1084 1268 orationis
1111 1209 1281 1267 series
1312 1208 1588 1267 declarat.

147 1306 244 1366 70·
295 1305 359 1363 30
401 1303 696 1363 Fundatur
738 1306 799 1361 in
828 1306 1219 1362 Romanorum
1244 1300 1586 1361 Pontificum
1624 1301 1868 1361 decretis
1889 1349 1904 1376 .,
1931 1315 1990 1363 et
2017 1326 2158 1363 con-—

68 1402 243 1459 stanti
279 1400 535 1458 Ecclesiae
571 1400 739 1479 praxi
759 1444 774 1472 .,
814 1418 939 1478 quae
967 1397 1225 1479 profecto
1254 1396 1411 1477 apud
1438 1395 1784 1454 catholicum
1813 1398 2004 1458 virum
2031 1421 2158 1457 ma-

66 1516 242 1573 gnum
276 1492 504 1574 pondus
527 1491 741 1550 habere
769 1491 1003 1549 debent.
1035 1493 1166 1549 Jam
1196 1511 1333 1549 vero
1367 1489 1594 1548 celebre
1618 1502 1707 1548 est
1735 1494 2057 1551 Innocentii
2081 1494 2162 1571 ΙΙΙ

66 1587 375 1646 doctissimi
407 1586 698 1645 Pontificis
735 1584 1067 1657 decretum,
1103 1582 1259 1664 quod
1294 1594 1454 1642 extat
1483 1583 1547 1640 in
1583 1604 1710 1664 cap.
1745 1586 1847 1642 VII
1870 1630 1886 1658 ,
1930 1587 2165 1664 Quanto

64 1684 132 1740 de
155 1684 456 1749 divortiiS,
478 1680 566 1737 his
592 1679 783 1739 verbis
805 1699 1142 1759 expressum
1164 1677 1274 1735 :Si
1300 1678 1452 1734 alter
1476 1678 1814 1755 infidelium
1838 1683 2164 1759 conjuqum

65 1778 148 1835 ad
158 1777 337 1853 fidem
362 1776 699 1833 catholicam
726 1783 1129 1840 convertatur,
1166 1774 1347 1830 altero
1369 1773 1459 1829 vel
1477 1773 1640 1829 nullo
1679 1773 1846 1831 modo
1864 1820 1881 1842 ,
1924 1780 2013 1832 vel
2043 1796 2165 1832 uon

64 1876 191 1930 siue
219 1871 587 1949 blasphemia
620 1870 817 1927 divini
844 1870 1144 1938 nominis>
1179 1868 1268 1925 vel
1300 1877 1369 1924 ut
1395 1887 1530 1924 eum
1552 1874 1874 1945 pertrahat
1898 1870 1984 1926 ad
2005 1890 2167 1928 mor-

68 1967 181 2023 tale
225 1975 534 2043 peccatum
548 2006 570 2035 ,
611 1969 668 2020 ei
702 1963 1038 2021 cohabitare
1078 1963 1328 2033 volente,
1370 1965 1484 2039 qui
1515 1965 1915 2039 relinquitur,
1954 1965 2039 2021 ad
2079 1984 2170 2021 se-

67 2061 266 2117 cunda
281 2100 304 2128 ,
336 2062 392 2116 si
425 2059 708 2127 voluerit,
737 2067 868 2114 vota
897 2056 1222 2122 transibit3
1248 2065 1302 2111 et
1324 2057 1394 2111 iu
1425 2055 1529 2112 hoc
1553 2075 1700 2112 casu
1739 2058 2167 2135 intelligimus,

62 2154 226 2232 ,quod
243 2156 337 2210 ait
355 2154 664 2230 Apostolus
692 2173 705 2208 :
739 2152 812 2209 Si
827 2151 1085 2227 infidelis
1117 2150 1398 2223 discedit,
1443 2151 1742 2217 discedat,·
1777 2154 1979 2228 frater
2006 2158 2169 2211 enim

66 2249 155 2305 vel
178 2268 341 2305 soror
363 2267 480 2304 uon
509 2257 590 2303 est
615 2235 890 2304 servituti
916 2246 1209 2322 subjectus
1235 2247 1304 2301 in
1327 2245 1691 2320 hujusmodi.
1722 2245 1889 2303 Nam
1912 2250 2018 2305 etsi
2037 2248 2173 2306 Ma-

69 2345 420 2399 trimonium
439 2361 644 2397 verum
662 2344 822 2397 iuter
835 2339 1098 2416 infideles
1113 2342 1353 2406 existat,
1376 2360 1494 2397 uon
1516 2349 1599 2396 est
1611 2348 1809 2396 tamen
1826 2342 2166 2422 ratum-(4),

70 2433 237 2505 Quod
260 2434 494 2514 quidem
510 2433 806 2491 decretum
825 2444 1138 2513 sequentes
1154 2432 1458 2490 Pontifices
1473 2430 1874 2511 probaverunt
1895 2433 1971 2491 ad
1988 2451 2171 2492 unum

73 2547 293 2585 omnes.
331 2528 432 2585 His
476 2538 784 2607 propterea
835 2525 1069 2583 innixus
1104 2525 1556 2605 sapientissimus
1610 2526 1874 2584 Pontifex
1913 2528 2167 2587 Benedi—

74 2633 200 2681 ctus
235 2623 359 2679 xlv
381 2666 396 2694 ,
434 2623 522 2680 De
543 2621 805 2699 SynodO,
826 2617 926 2677 lib.
963 2621 1070 2693 VI,
1105 2640 1231 2699 cap.
1260 2618 1298 2675 4
1320 2663 1335 2691 .‚
1368 2618 1401 2697 S
1435 2617 1502 2690 3,
1546 2618 1833 2679 scribebat
1871 2644 1883 2678 z
1925 2623 2167 2683 Certum

73 2727 188 2785 est,
226 2716 559 2794 infidelium
602 2719 978 2793 cony'uyium,
1023 2734 1096 2771 ea·
1133 2714 1455 2792 privileqz‘o
1508 2716 1577 2771 in
1616 2715 1761 2791 fidei
1801 2718 2068 2793 favorem
2123 2742 2163 2778 a

149 2948 210 3008 (1)
250 2946 398 2995 Hom.
424 2964 524 3004 xix,
556 2948 610 2993 in
639 2962 745 3010 cap.
778 2963 842 2993 vu
867 2943 1026 3010 Epist.
1075 2958 1091 2988 1

80 3025 151 3074 ad
166 3026 334 3083 Corax,
352 3045 402 3075 n.
422 3027 471 3086 3,
490 3045 598 3093 opp.
620 3028 726 3075 edit.
754 3026 903 3074 Maur.
922 3037 1033 3074 tom.
1053 3043 1087 3082 ι,

79 3126 184 3174 pag.
219 3106 325 3162 163.
353 3108 411 3158 Τι’
438 3107 493 3159 δι’
523 3112 631 3159 ἔστ-ἵν
647 3148 660 3170 ,
690 3113 742 3156 Εἷ
768 3106 824 3157 δι’
850 3111 868 3157 ὅ
894 3105 1088 3176 {e‘mwoc

80 3189 316 3257 χωρίζετοιι
350 3212 364 3255 3
419 3190 496 3241 οἷον
544 3198 579 3241 εἰ
621 3190 790 3241 nemin
843 3213 909 3240 <rot
964 3190 1087 3241 θιῖευ

83 3273 158 3324 καὶ
205 3277 420 3324 xoevmfn'
451 3279 570 3342 ωὸτᾷ
611 3283 691 3332 τῆς
744 3273 954 3335 ἀσεβείαις
1007 3263 1090 3325 ὦκ’

83 3354 154 3405 τὺ
194 3356 340 3419 γέμον
360 3396 371 3418 ,
415 3354 443 3412 ι’)
469 3359 697 3424 ἐκχωρεῖν
716 3395 729 3422 ,
774 3356 951 3416 βέλτιον
981 3355 1087 3406 διαι-

85 3443 345 3494 σπασθῆηιι
397 3435 466 3488 ‘teir
519 3439 666 3502 γέμον
697 3478 710 3501 ,
766 3436 842 3487 και)
895 3435 964 3501 pu}
1014 3435 1088 3494 vvir

88 3518 324 3579 εὐσέβειαν.

1174 2941 1325 3006 γοῖμου
1345 2982 1358 3004 ,
1405 2943 1694 3010 οἷναιχωρεῖτω·
1740 2943 1917 3004 βέλτιον
1962 2947 2048 3014 γοὶρ
2099 2947 2171 2998 riv

1172 3021 1335 3086 γάμον,
1350 3021 1379 3080 νῗ
1390 3022 1466 3078 τᾶν
1487 3023 1709 3085 eto-iesca,
1727 3030 1936 3082 λυθιῖνοιι.
1953 3029 2085 3077 Tom.
2109 3048 2141 3078 ιι
2158 3068 2170 3090 ,

1170 3120 1275 3170 pag.
1326 3105 1444 3166 160,
1481 3125 1586 3172 opp.
1630 3109 1740 3156 edit.
1788 3108 1949 3158 Venet.
1994 3111 2136 3173 1755.

1234 3200 1302 3263 (3)
1342 3200 1604 3251 Comment.
1642 3206 1693 3251 in
1718 3204 1844 3251 hunc
1885 3204 1971 3251 loc.
2003 3216 2170 3267 tom.1‚

1172 3299 1280 3349 pag.
1315 3281 1411 3345 480
1431 3323 1444 3345 ,
1472 3303 1581 3350 opp.
1602 3286 1712 3334 edit.
1739 3286 1882 3334 Paris.
1910 3283 2054 3348 1630,
2090 3292 2171 3355 qui

1170 3364 1335 3413 clarius
1365 3367 1515 3414 adhuc
1543 3368 1766 3432 loquitur.

1237 3445 1303 3510 (Ie)
1339 3447 1475 3511 Apud
1490 3446 1746 3504 pithoeum,
1764 3443 2055 3510 Decretales,
2081 3461 2171 3500 etc.

1170 3537 1281 3577 tom.
1312 3545 1372 3587 11,
1398 3546 1501 3591 pag.
1533 3542 1646 3574 221.
1679 3526 1851 3576 Eadem
1876 3529 2019 3579 ferme
2037 3530 2177 3580 habet

154 3602 221 3665 (2)
254 3598 378 3662 Οἷσιν,
419 3605 455 3649 εἰ
500 3599 667 3649 κελεῦει
710 3621 778 3650 ,τοι
809 3598 837 3656 οἳ
863 3606 1104 3657 κοινωνῆται
1181 3609 1231 3656 in
1256 3626 1358 3673 cap.
1398 3606 1679 3655 Gaudemus
1730 3625 1842 3670 vm,
1885 3609 1966 3658 Do
2009 3610 2176 3659 divort.

87 3686 165 3736 τῆς
215 3682 430 3735 ἑπτα-τίσις
478 3684 618 3747 miv-515,
670 3680 699 3737 »ἲ
751 3685 979 3749 «ἐπιχωρεῖν
1032 3680 1109 3733 roff

129 3761 193 3818 T.
244 3763 358 3821 VII.

1184 3690 1298 3738 ibid.
1330 3704 1433 3754 pag.
1467 3702 1579 3737 222.
1608 3758 1612 3763 ἡ

1497 3795 1502 3798 -
1828 3769 1898 3828 16
