2612 4146
327 164 406 223 44

1000 189 1316 230 TRACTATUS
1361 194 1427 229 DE
1471 195 1879 238 INDULGENTIIS.

327 330 622 410 censuriS,
662 330 1069 392 commutandi
1108 345 1279 411 vota,
1317 345 1430 394 etc.
1462 337 1573 417 (1).
1615 342 1846 401 Primus
1882 342 2115 404 Jubilaei
2157 347 2458 409 institutor

325 423 671 505 perhibetur
698 426 1022 485 Bonifacius
1059 428 1183 486 VIII
1215 450 1373 488 anno
1398 430 1575 490 1300.
1607 435 1874 496 Zaccaria
1893 437 2052 498 haud
2076 440 2328 502 infirmis
2346 443 2459 502 du-

327 530 453 579 ctus
477 521 822 600 conjecturis
848 533 1048 581 censet
1068 523 1322 605 primam
1342 570 1357 593 ,
1377 524 1601 604 jubilaei
1618 529 1902 610 originem
1927 535 2314 617 repetendam
2332 561 2459 599 esse

326 613 399 673 ab
428 638 584 674 anno
621 615 776 674 1000
805 614 913 674 sub
949 616 1229 678 Silvestro
1261 621 1310 678 ΙΙ
1355 621 1460 701 (2).
1501 622 1784 684 Nonnulli
1822 630 2062 709 vestigia
2102 632 2211 690 sibi
2247 633 2464 715 depre*

325 710 597 770 hendisse
633 712 742 771 visi
774 725 913 771 sunt
947 714 1010 773 in
1042 714 1214 796 longe
1249 718 1678 799 antiquioribus
1713 727 2114 786 monumentis
2142 728 2250 809 (3)
2282 730 2461 788 Boni-

324 806 501 864 facius
525 807 655 865 VIII
691 809 996 869 constituit
1019 810 1325 889 jubilaeum
1355 836 1476 874 esse
1512 815 1932 877 celebrandum
1961 825 2280 883 centesimo
2309 847 2461 907 quo-

325 922 437 982 que
460 922 618 961 anno
642 905 948 966 redeunte.
980 907 1254 968 Clemens
1286 910 1358 968 VI
1385 909 1610 988 jubilaei
1638 912 2094 975 celebrationem
2126 918 2204 977 ad
2231 941 2459 978 annum

325 997 877 1080 quinquagesimum
897 1046 914 1077 ,
944 1004 1253 1085 Gregorius
1273 1006 1351 1064 XI
1376 1006 1451 1064 ad
1473 1028 1659 1066 annos
1692 1010 1930 1089 triginta
1944 1020 2063 1071 tres
2083 1057 2099 1087 ‚
2126 1012 2312 1074 donec
2332 1027 2461 1074 tan-

321 1091 460 1152 dem
490 1094 702 1155 Paulus
735 1100 786 1157 11
812 1110 872 1158 et
889 1099 1083 1159 Sixtus
1110 1102 1184 1160 IV
1211 1100 1288 1159 ad
1316 1124 1501 1162 annos
1529 1104 1736 1184 viginti
1764 1107 2025 1188 quinque
2056 1120 2289 1192 tempus
2314 1110 2465 1170 illud

324 1201 700 1252 coarctarunt
722 1240 737 1266 ,
783 1196 886 1276 qui
919 1218 1045 1255 mos
1074 1196 1266 1256 adhuc
1304 1210 1594 1259 servatur.

407 1285 507 1345 85.
555 1288 859 1349 Partz‘alz‘s
901 1291 1270 1372 Indulgentia
1321 1315 1386 1355 ea
1426 1294 1669 1370 dicitur,
1709 1318 1839 1378 quae
1877 1310 2112 1380 partem
2155 1300 2462 1361 dumtaxat

324 1402 519 1463 poenae
544 1386 882 1467 temporalis
908 1389 1188 1463 remittit,
1224 1399 1283 1448 et
1320 1401 1481 1449 certo
1505 1390 1739 1450 dierum
1762 1392 1858 1453 vel
1887 1416 2180 1455 annorum
2211 1419 2461 1456 numero

325 1476 624 1540 definitur.
648 1482 873 1542 Alludit
898 1483 1115 1545 scilicet
1136 1485 1323 1545 forma
1346 1485 1446 1546 illa
1470 1486 1981 1568 Indulgentiarum
2002 1501 2089 1550 tot
2111 1490 2341 1551 dierum
2367 1492 2463 1554 vel

326 1595 622 1636 annorum
647 1578 724 1637 ad
750 1591 1009 1642 veterem
1035 1580 1406 1664 disciplinam
1429 1629 1445 1659 ⁷
1485 1584 1720 1666 quando
1752 1585 1813 1645 vi
1843 1606 2136 1645 canonum
2170 1588 2464 1669 poeniten-

392 1799 461 1865 (1)
498 1801 597 1850 Cfr.
646 1801 852 1863 Andreas
898 1803 1158 1853 Andreucci
1197 1805 1249 1853 S.
1292 1804 1341 1853 J.

329 1882 674 1933 Conclusiones
687 1886 1133 1952 canonico-theoloq
1142 1923 1153 1936 .
1165 1905 1249 1952 pro
1262 1906 1339 1935 an-

323 1985 387 2015 no
407 1967 435 2015 J
440 1967 558 2016 ubil.
597 1967 723 2033 1750
745 2006 758 2029 ,
776 1970 836 2018 ad
865 1970 1041 2019 calcem
1057 1971 1241 2020 dissert.
1263 1971 1344 2019 De

324 2049 458 2098 cultu
482 2050 770 2100 Sanctorum
790 2090 803 2113 ,
836 2052 997 2101 Romae
1033 2051 1183 2118 1750.

395 2134 459 2196 (2)
498 2133 553 2180 In
584 2152 721 2199 opere
741 2172 754 2193 ‚
787 2138 861 2183 cui
878 2138 951 2184 tit.
991 2136 1212 2184 Tractato
1236 2135 1343 2184 dell'

323 2232 456 2264 anno
475 2213 629 2266 Santo
645 2255 658 2276 ,
690 2217 851 2266 Romae
895 2218 1041 2286 1775.

393 2298 459 2361 (3)
498 2298 569 2348 Cl.
628 2299 853 2348 Camillus
912 2301 1042 2351 Rossi
1090 2302 1346 2368 Episcopus

326 2380 378 2430 S.
412 2381 603 2442 Severi,
636 2383 871 2431 Instruct.
906 2380 1186 2441 Pastorali‚
1223 2376 1345 2450 typis

327 2465 452 2513 edita
468 2464 658 2530 Neapoli
673 2483 797 2513 anno
818 2463 965 2530 1824,
989 2467 1126 2515 refert
1147 2485 1195 2516 se
1209 2484 1345 2532 repe-

326 2548 438 2595 risse
480 2549 531 2594 in
571 2563 712 2612 opere
747 2550 1013 2612 inscripto:
1061 2548 1347 2596 Thesaurus

324 2638 590 2694 temporum
632 2628 846 2678 Eusebii
884 2629 1147 2697 Pamphili
1182 2632 1348 2681 Caesa-

324 2727 437 2759 roeae
467 2710 736 2758 Palestinae
765 2711 1006 2777 Episcopi
1028 2749 1045 2775 ,
1080 2723 1167 2783 etc.
1204 2731 1348 2779 opera

327 2801 371 2841 el
396 2793 554 2840 studio
577 2792 783 2859 Josephi
805 2790 1053 2858 Scaliqeri
1067 2830 1083 2856 ,
1114 2795 1345 2844 Amstelo·

326 2876 453 2924 dami
511 2876 635 2940 apud
688 2875 989 2924 Janssonium
1059 2874 1206 2938 1658,
1266 2879 1347 2926 fol.

325 2957 618 3018 MMCCXX,
660 2977 764 3024 pag.
816 2975 907 3023 172
955 2977 968 3007 ε
1005 2955 1075 3005 In
1102 2959 1189 3007 hoc
1216 2977 1347 3007 anno

314 3040 556 3107 jobeleum
571 3058 601 3089 a
618 3042 885 3107 majoribus
905 3044 1181 3090 invenimus
1198 3043 1351 3090 obser-

328 3133 492 3171 vatum
504 3159 520 3184 ‚
540 3123 597 3172 id
613 3132 703 3185 est,
718 3123 995 3173 duodecimo
1009 3142 1140 3174 anno
1158 3124 1345 3187 Severi,

329 3214 374 3253 et
421 3204 631 3254 CCLII
659 3206 976 3257 Antioc-hence
1020 3210 1158 3257 urbis
1177 3248 1189 3270 ‚
1239 3228 1347 3258 cum

330 3289 810 3339 animadversionibus
833 3289 1068 3356 Scaligeri,
1083 3310 1186 3357 pag.
1211 3308 1310 3359 229
1332 3309 1346 3340 ε

329 3366 542 3435 Majores
563 3375 721 3421 nostri
736 3372 1078 3439 inlelliquntur
1106 3373 1348 3422 Christia-

329 3455 406 3503 ni.
438 3453 535 3502 Sed
565 3457 607 3502 ii
636 3457 826 3506 nullum
860 3457 1001 3506 Jobel
1036 3474 1088 3506 eo
1118 3474 1248 3506 anno
1272 3474 1350 3505 ce·-

329 3534 613 3596 lebrarunt‚
654 3549 699 3587 et
735 3541 853 3590 ibid.
891 3559 997 3606 pag.
1041 3538 1142 3588 236
1168 3576 1182 3600 ,
1224 3540 1349 3589 idem

331 3618 533 3684 Scaliger
559 3622 717 3669 scribit
756 3640 768 3669 :
809 3622 1023 3671 Numero
1060 3622 1348 3672 MMCCXX.

333 3700 435 3749 Sub
461 3700 664 3752 Servero
693 3703 831 3753 aliu-d
866 3704 1113 3754 Jobeleum
1141 3723 1171 3755 α
1199 3708 1351 3773 majo-

1427 1804 1501 1851 rib
1508 1821 1563 1852 us
1579 1804 1869 1853 celebratum
1884 1806 2149 1871 referebat..
2159 1843 2171 1855 .
2182 1842 2194 1856 .
2214 1805 2462 1856 Proeterea

1427 1885 1831 1952 dixitOEusebius)
1844 1890 2000 1953 Juxta
2027 1891 2231 1955 majores
2258 1898 2458 1951 nostros,

1427 1967 1482 2014 id
1505 1977 1578 2015 est
1597 2007 1610 2029 ‚
1635 1985 1736 2017 non
1753 1972 1908 2036 juxta
1926 1970 2125 2019 Judaeos
2143 2007 2157 2032 ,
2192 1971 2275 2020 sed
2289 1988 2458 2020 secun-

1426 2049 1544 2098 dum
1594 2051 1984 2103 Christianos...
2046 2053 2239 2103 Jobelei
2287 2055 2458 2103 modus

1428 2131 1665 2183 Ecclesiae
1697 2144 1765 2184 est
1796 2137 1842 2184 L
1875 2152 2122 2185 annorum
2151 2136 2415 2185 solidorum
2441 2174 2454 2196 ‚

1430 2214 1635 2263 Hebraei
1663 2218 2169 2284 undequinquaqinta.
2191 2219 2246 2265 In
2265 2218 2455 2268 Eusebii

1431 2296 1664 2346 Chronico
1686 2336 1699 2359 ‚
1744 2301 2010 2365 interprete.
2053 2299 2104 2348 S.
2136 2301 2420 2367 Hieronymo
2440 2339 2454 2362 ,

1430 2379 1551 2427 nihil
1575 2382 1807 2447 ejusmodi
1834 2385 2069 2446 occurrit3
2097 2385 2192 2431 imo
2211 2383 2457 2433 vallarsius

1430 2463 1610 2527 rejicit,
1644 2464 1770 2529 quod
1787 2463 1959 2530 Joseph
1988 2464 2189 2531 Scaliger
2211 2469 2374 2515 retinet
2400 2467 2458 2516 de

1431 2542 1621 2593 Jobeleo
1660 2549 1712 2593 in
1750 2557 1946 2613 utroque
1980 2546 2084 2596 loco
2107 2585 2121 2608 ,
2168 2567 2317 2615 quum
2347 2549 2455 2597 Mss.

1432 2627 1612 2676 codices
1658 2629 1858 2677 melioris
1895 2639 2017 2678 notae
2060 2648 2166 2679 eam
2212 2631 2455 2680 lectionem

1432 2727 1529 2757 non
1550 2709 1778 2774 habeant3
1803 2722 1957 2760 censet
1973 2722 2231 2777 propterea,
2249 2730 2300 2762 ea
2312 2712 2451 2761 verba

1431 2791 1655 2839 adscititia
1681 2810 1807 2852 esse,
1840 2810 1921 2842 seu
1948 2793 2098 2841 aliena
2120 2811 2266 2841 manu
2283 2796 2453 2843 inserta

1431 2883 1656 2938 tanquam
1700 2873 1895 2940 alicujus
1960 2875 2154 2922 studiosi
2208 2875 2451 2940 glossema.

1431 2954 1647 3003 Attamen
1662 2957 1712 3002 in
1727 2957 1999 3004 accuratiori
2017 2956 2220 3004 editione
2244 2954 2450 3021 ejusdem

1432 3037 1653 3086 Chronici
1672 3074 1685 3098 ‚
1703 3054 1844 3104 quam
1861 3055 1914 3086 ex
1934 3037 2046 3088 MsS.
2070 3040 2301 3087 vaticanis
2320 3042 2453 3088 ador-

1431 3123 1559 3169 navit
1589 3119 1728 3169 Card.
1758 3120 1910 3187 Majus
1930 3154 1946 3180 ,
1980 3120 2171 3169 adducti
2193 3128 2344 3170 textus
2382 3141 2453 3171 re-

1431 3205 1674 3269 periuntur
1705 3204 1800 3250 suis
1834 3203 1947 3251 locis
1987 3204 2151 3251 inserti
2176 3240 2193 3263 ,
2240 3206 2454 3254 videlicet

1433 3298 1530 3334 tum
1565 3285 1623 3333 ad
1659 3288 1837 3333 annum
1880 3284 2051 3333 Christi
2093 3283 2216 3346 206,
2251 3297 2354 3335 tum
2391 3288 2451 3336 ad

1432 3386 1609 3417 annum
1633 3365 1743 3431 204.
1764 3367 1862 3416 Cfr.
1885 3363 2187 3433 Scriptorum
2202 3380 2295 3418 vet.
2327 3386 2450 3417 nova

1431 3451 1608 3500 collect.
1641 3462 1756 3500 tom.
1778 3467 1859 3499 vin
1880 3488 1892 3511 ,
1925 3451 2082 3498 Romae
2125 3449 2271 3501 1833.
2299 3451 2445 3517 Quid·

1433 3535 1544 3601 quid
1576 3551 1708 3598 porro
1741 3534 1799 3582 de
1827 3534 1916 3581 hoc
1936 3536 2230 3583 sentiendum
2251 3537 2337 3594 sit,
2376 3537 2441 3595 vi·

1435 3619 1570 3666 detur
1600 3617 1717 3664 nihil
1741 3617 1908 3665 exinde
1940 3615 2094 3683 colligi
2127 3635 2257 3683 posse
2278 3653 2291 3677 ,
2322 3617 2449 3682 quod

1434 3700 1553 3749 trahi
1586 3710 1724 3765 queat
1757 3701 1817 3748 ad
1843 3717 1940 3749 rem
1974 3712 2195 3749 nostram.
