2612 4146
417 159 494 218 98
1124 176 1453 213 TRAGTATPS
1479 169 1563 213 'ne
1607 178 1834 214 camma.

499 325 600 383 56.
649 326 864 382 Praeter
887 318 1290 378 Sacerdotium
1314 364 1328 392 7
1361 318 1436 378 de
1459 341 1574 401 quo
1608 320 1909 403 hucusque
1944 322 2202 401 egimus,
2239 334 2546 383 enumerat

416 419 663 481 Ecclesia
682 419 1068 476 Diaconatum
1084 460 1099 488 ,
1124 413 1624 474 Subdiaconatum
1652 436 1717 474 ac
1737 416 1994 498 reliquos
2018 418 2276 478 minores
2295 419 2544 491 Ordines

415 515 683 596 superius
705 510 1043 569 recensitos
1073 509 1162 569 Ad
1184 522 1449 568 mentem
1480 510 1723 569 Concilii
1758 513 2085 589 Tridentini
2112 514 2545 574 ostendendum

413 610 581 670 nobis
610 619 721 681 est,
755 606 831 665 de
854 607 1199 680 Diaconatu,
1223 617 1435 687 praeter
1465 605 1865 682 traditionem,
1887 609 2087 668 Sacras
2104 610 2350 669 Litteras
2377 632 2547 670 men-

413 708 634 764 tionem
661 704 878 777 facere3
898 701 971 762 de
1002 702 1241 783 reliquis
1258 713 1457 761 autem
1484 702 1890 785 antiquissima
1917 716 2146 765 exstare
2168 705 2546 766 ecclesiastica

418 800 773 859 documenta
790 843 806 873 ,
839 819 968 880 quae
983 818 1080 857 eos
1103 798 1355 857 Ordines
1385 797 1568 859 veluti
1590 797 1836 857 totidem
1864 799 2071 879 gradus
2096 800 2381 861 exhibent
2398 847 2413 873 .,
2442 823 2549 885 per

413 919 561 979 quos
593 894 1006 955 ascenderetur
1032 893 1107 952 ad
1140 893 1562 954 Sacerdotium.

494 994 595 1053 57.
647 995 726 1052 Ac
747 993 940 1075 primo
964 991 1205 1072 quidem
1234 991 1308 1049 ad
1335 992 1719 1050 Diaconatum
1743 991 1899 1072 quod
1921 1003 2146 1073 spectat
2165 1038 2181 1068 .,
2202 1004 2342 1053 nota
2370 1004 2508 1052 sunt
2525 1041 2541 1070 .,

412 1110 542 1172 quae
571 1088 699 1150 Act.
737 1089 809 1147 VI
830 1133 846 1163 .,
897 1088 927 1146 1
971 1098 1031 1146 et
1064 1108 1228 1168 seqq.
1260 1085 1538 1166 leguntur
1562 1086 1635 1146 de
1667 1087 2035 1148 institutione
2062 1089 2451 1148 Diaconorum
2472 1111 2545 1150 ex

411 1186 731 1261 occasione,
744 1206 859 1266 qua
873 1184 1195 1244 excitatum
1209 1194 1297 1242 est
1313 1204 1583 1242 murmur
1595 1184 1927 1244 Graecorum
1941 1185 2221 1244 adversus
2235 1183 2510 1244 Hebraeos
2528 1210 2544 1259 ς

410 1280 674 1364 Apostoli
696 1281 856 1340 enim
884 1290 1202 1339 convocata
1239 1277 1624 1338 multitudine
1654 1278 1932 1339 dixerunt
1971 1303 1984 1338 z
2020 1280 2167 1340 Non
2194 1291 2276 1340 est
2303 1301 2550 1360 aequum

411 1399 519 1437 uos
553 1378 962 1455 derelinquere
998 1376 1248 1435 verbum
1276 1377 1398 1434 Dei
1429 1385 1483 1434 et
1505 1378 1862 1434 ministrare
1889 1380 2132 1435 mensis,
2172 1376 2554 1436 Considerate

411 1495 544 1554 erqo
561 1520 578 1543 ,
621 1476 885 1551 fratres,
934 1474 1096 1530 viros
1146 1492 1215 1530 eat
1257 1472 1421 1531 vohis
1468 1473 1614 1530 honi
1664 1477 1998 1531 testimonii
2041 1482 2261 1551 septem
2283 1519 2300 1540 ,
2341 1473 2554 1550 plenos

412 1571 660 1648 Spiritu
674 1570 892 1627 Sancto
915 1578 971 1624 et
995 1571 1327 1646 sapientia,
1356 1587 1502 1645 quos
1523 1571 1967 1626 constituamus
1991 1588 2171 1646 super
2201 1568 2305 1625 hoc
2328 1587 2519 1646 opus„
2534 1612 2546 1625 .

413 1665 501 1725 Et
526 1664 830 1744 eleyeruuc
861 1663 1239 1742 Stephanum
1270 1667 1479 1721 virum
1499 1664 1759 1742 plenum
1790 1664 1907 1741 fide
1939 1674 1995 1721 et
2021 1664 2264 1742 Spiritu
2295 1663 2513 1720 Sancto
2525 1705 2550 1733 ,

413 1771 469 1818 et
492 1760 933 1839 Philippum...
970 1759 1098 1817 Hos
1129 1768 1475 1817 statuerunt
1504 1770 1644 1817 aute
1670 1770 2048 1839 conspectum
2084 1759 2506 1839 Apostolorum
2529 1800 2552 1829 ,

411 1866 465 1914 et
492 1866 728 1914 orantes
752 1858 1174 1933 imposuerunt
1195 1858 1279 1912 eis
1303 1876 1546 1913 manus.
1574 1855 1693 1912 Hos
1732 1876 1906 1935 porro
1934 1858 2103 1932 juxta
2135 1852 2350 1912 Christi
2377 1852 2553 1911 insti-

413 1952 707 2010 tutionem
730 1949 943 2009 electos
964 1961 1023 2008 et
1043 1949 1341 2010 ordinatos
1367 1971 1489 2009 esse
1507 1996 1522 2025 7
1555 1962 1721 2032 patet
1746 1962 1873 2010 tum
1900 1973 1971 2010 ex
2002 1951 2127 2033 ipso
2153 1948 2553 2009 Ordinationis

410 2047 565 2120 ritu,
608 2056 735 2104 tum
777 2066 849 2105 ex
886 2044 1293 2104 ordinatorum
1333 2044 1683 2121 virtutibuS,
1725 2055 1855 2105 tum
1889 2046 2144 2128 denique
2180 2068 2252 2106 ex
2291 2047 2554 2127 ipsorum

408 2142 654 2215 officii53
687 2142 773 2199 uti
807 2162 878 2200 ex
909 2140 1172 2200 adductis
1207 2139 1400 2202 verbis
1430 2141 1627 2221 palam
1655 2142 1743 2200 fit.
1785 2144 1865 2202 Ac
1903 2144 1965 2200 1Ο
2002 2142 2244 2223 quidem
2267 2161 2553 2200 manuum

411 2237 785 2319 impositione
828 2236 1043 2294 initiati
1078 2247 1218 2293 sunt
1240 2282 1256 2311 ‚
1300 2257 1423 2294 non
1462 2257 1623 2295 secus
1666 2258 1731 2295 ac
1762 2238 2031 2319 Episcopi
2065 2247 2124 2295 et
2159 2235 2489 2315 Presbyteri
2534 2257 2547 2291 :

415 2333 666 2392 Orantes
694 2334 717 2410 (
744 2331 1041 2413 Apostoli)
1069 2336 1492 2410 imposuerunt
1517 2336 1599 2391 eis
1628 2353 1867 2390 manus.
1902 2333 1969 2390 20
2012 2330 2101 2391 Ad
2124 2332 2369 2393 virtutes
2395 2329 2554 2412 quod

410 2440 660 2509 spectat,
686 2427 855 2487 electi
892 2437 1031 2485 sunt
1057 2448 1127 2485 ex
1156 2427 1429 2486 universa
1453 2426 1833 2487 multitudine
1862 2428 1972 2488 viri
2007 2439 2235 2509 septem
2268 2429 2412 2485 honi
2438 2437 2556 2485 tes·-

414 2528 690 2594 timom’z',
706 2526 882 2603 pleni
903 2523 1146 2602 Spiritu
1167 2524 1385 2581 Sancto
1412 2533 1467 2580 et
1498 2527 1824 2601 sapientia.
1862 2525 2030 2582 Certe
2057 2522 2361 2604 Apostolus
2379 2569 2394 2597 .,
2428 2525 2451 2579 l
2478 2521 2554 2580 ad

419 2620 674 2680 Timoth.
718 2620 829 2693 ΙΙΙ,
859 2617 1091 2676 easdem
1140 2617 1261 2677 fere
1291 2618 1352 2675 in
1382 2618 1651 2676 Diaconis
1686 2618 1929 2690 virtutes
1970 2619 2214 2699 requirit
2243 2639 2307 2676 ac
2333 2618 2395 2675 in
2428 2617 2555 2699 Epi-

413 2715 603 2795 scopis
625 2760 640 2789 ,
669 2725 875 2772 etcum
903 2712 1109 2771 iisdem
1141 2725 1428 2794 praeterea
1461 2713 1765 2793 conjungit
1801 2714 1863 2772 in
1895 2714 2074 2794 Epist.
2108 2713 2182 2771 ad
2211 2712 2464 2792 Philipp.
2500 2710 2544 2771 Ι.

411 2812 702 2884 Quorsum
744 2829 881 2868 vero
928 2818 1011 2865 tot
1053 2808 1275 2867 eximiae
1312 2810 1556 2869 virtutes
1579 2853 1594 2882 7
1638 2820 1805 2867 tanta
1838 2809 2088 2889 Spiritus
2119 2810 2174 2866 S.
2207 2805 2512 2887 plenitudo
2534 2853 2548 2880 ,

412 2906 525 2965 nisi
551 2905 627 2964 ad
652 2903 940 2963 Ordinem
957 2923 1187 2961 sacrum
1210 2903 1376 2961 electi
1401 2904 1688 2962 fuissent?
1712 2902 1865 2962 301d
1884 2903 2093 2961 clarius
2109 2902 2300 2960 adhuc
2321 2913 2552 2962 constat

410 3022 484 3061 ex
505 2999 703 3060 officiis
718 3043 733 3071 ,
759 3019 888 3080 quae
910 3018 1048 3056 mox
1072 2997 1144 3055 ab
1173 2998 1435 3078 ipsorum
1455 2997 1838 3057 Ordinatione
1855 2999 2094 3057 Diaconi
2120 3009 2543 3072 exercuerunt3

409 3095 741 3178 Stephanus
775 3093 935 3152 enim
975 3093 1038 3150 in
1084 3094 1237 3151 Actis
1282 3092 1611 3175 apostolicis
1663 3092 1973 3153 exhibetur
2005 3093 2217 3175 plenus
2260 3095 2442 3173 gratia
2490 3104 2550 3153 et

410 3289 600 3336 seriores
638 3286 697 3334 ab
737 3285 938 3334 Ecclesia
969 3284 1170 3331 instituti
1223 3284 1397 3333 fuerint
1413 3322 1426 3344 ,
1518 3286 1643 3333 enim
1661 3284 1858 3333 Ordines
1874 3284 2077 3333 Ecclesia
2103 3286 2303 3334 instituit
2323 3282 2454 3351 juxta
2473 3283 2554 3335 da-

409 3372 514 3436 jure
550 3370 697 3432 potuit
737 3366 1063 3415 Tridentinum
1101 3365 1347 3413 anathema
1381 3368 1436 3413 iis
1521 3378 1613 3415 tam
1629 3365 1943 3415 sibiaChristo
1957 3374 2548 3433 potestatem3quapropter‚

412 3451 592 3512 dicere,
618 3451 699 3515 qui
726 3459 888 3515 praeter
918 3447 1243 3496 Sacerdotium
1268 3454 1442 3512 negant
1525 3451 1562 3496 si
1594 3451 1697 3514 quis
1726 3459 1910 3514 negaret
1931 3449 2067 3498 hosce
2088 3449 2282 3497 Ordines
2308 3450 2359 3495 in
2389 3445 2550 3494 Eccle-

413 3533 528 3582 alios
555 3548 654 3581 esse
678 3533 727 3579 in
760 3531 960 3580 Ecclesia
993 3528 1189 3578 Ordines
1223 3539 1267 3577 et
1292 3532 1446 3596 majo-
1528 3533 1594 3579 sia
1616 3520 1714 3579 esse
1732 3533 1949 3596 ‚perinde
1976 3533 2145 3581 faceret
2172 3549 2227 3580 ac
2256 3532 2294 3578 si
2321 3527 2458 3576 talem
2479 3528 2550 3575 fa-

410 3632 485 3664 res
503 3623 549 3663 et
563 3615 762 3662 minores
777 3651 790 3673 ‚
811 3632 893 3678 per
911 3631 1026 3679 quos
1044 3612 1169 3661 velut
1183 3629 1263 3677 per
1283 3612 1449 3677 gradus
1532 3614 1752 3662 cultatem
1771 3614 1985 3662 Ecclesiae
2010 3616 2150 3664 fuisse
2164 3633 2191 3663 a
2206 3612 2391 3662 Christo
2416 3614 2550 3657 attri-

409 3696 639 3763 quosdam
659 3698 710 3744 in
737 3695 1059 3744 Sacerdotium
1091 3695 1326 3745 tendatur.
1360 3695 1453 3743 flos
1537 3695 1696 3744 butam
1731 3697 1990 3761 denegaret.
