2508 4120
431 201 555 238 cn».
604 200 688 238 ιιι.
734 202 802 238 ΒΕ
845 202 1237 241 mammenus
1281 202 1648 255 MATRIMONII,
1691 204 1810 241 E'rc.
2067 180 2184 242 323

74 354 250 404 tatem
293 344 417 403 fieri
459 342 760 424 prohibuit
805 341 979 403 Conc.
1012 343 1438 404 illiberitanum
1475 342 1590 423 (l),
1639 344 1971 405 Arelatense
2000 345 2091 425 (2)
2127 360 2186 406 et

75 444 437 501 Arvernense
467 437 578 518 (3).
609 437 757 496 Cum
772 438 969 519 itaque
985 440 1182 497 omnia
1206 439 1326 499 fere
1353 439 1799 521 impedimenta,
1831 462 1961 522 quae
1995 440 2187 501 adhuc

72 536 272 614 vigent
293 579 309 607 ‚
345 532 418 592 ab
450 532 694 592 Ecclesia
730 534 1041 592 constituta
1077 533 1322 609 fuerint,
1357 533 1431 594 de
1463 557 1714 616 quorum
1737 534 2029 618 plerisque
2051 536 2190 595 nul-

75 632 198 690 lum
228 630 474 689 occurrit
494 629 556 687 in
588 627 984 710 imperialibus
1006 626 1227 707 legibus
1253 630 1566 708 vestigium
1595 629 1690 709 (4)
1711 675 1727 703 ,
1763 641 1955 711 patet,
1981 631 2213 690 falsum*

78 727 318 786 omnino
333 746 480 798 esse7
499 723 656 805 quod
669 723 742 782 ab
765 723 1108 783 adversariis
1123 724 1458 796 assumitur,
1478 723 1627 783 solas
1654 724 1921 784 videlicet
1946 727 2195 808 viguisse

79 822 281 905 primis
322 819 526 880 seculis
564 819 710 898 juris
746 820 992 878 Romani
1026 818 1201 898 leges,
1251 818 1425 892 Quod
1465 819 1512 878 si
1553 822 1752 880 Patres
1785 820 2086 881 interdum
2119 822 2196 882 ad

79 918 232 997 leges
261 919 685 998 Imperatorum
718 926 1041 998 provocant
1061 960 1078 990 .,
1101 915 1177 974 ad
1211 937 1304 974 eas
1329 927 1654 997 provocant
1672 961 1689 990 ‚
1727 936 1869 998 quas
1906 917 2151 978 Ecclesia
2176 965 2192 994 ‚
2288 970 2293 974 .

80 1025 147 1072 ut
179 1034 316 1070 mox
337 1012 595 1072 dicemus
623 1055 640 1083 .,
671 1020 729 1070 et
752 1009 1024 1092 probavit
1053 1020 1112 1069 et
1134 1031 1264 1069 suas
1297 1009 1452 1070 fecit.

160 1108 302 1167 216.
356 1107 446 1166 Ad
474 1107 555 1165 3¹1¹
574 1151 591 1180 .,
616 1107 774 1166 Dz‘st.
806 1106 1141 1187 Principum
1162 1104 1384 1186 legibus
1403 1105 1932 1168 matrimonialibus
1950 1109 2199 1170 Ecclesia

85 1204 312 1286 paruit,
340 1215 481 1284 quas
502 1202 627 1283 ipsa
652 1200 993 1282 adoptavit,
1014 1222 1175 1260 conc.
1183 1221 1205 1270 ;
1238 1223 1381 1283 quas
1409 1202 1609 1279 rejecit
1628 1213 1729 1260 aut
1755 1205 2040 1279 correxit,
2071 1226 2200 1284 neq.

88 1299 328 1358 Minime
363 1298 688 1356 inficiamur
711 1341 728 1371 a
757 1296 1065 1356 Ecclesiam
1089 1295 1286 1378 plures
1315 1297 1650 1378 imperiales
1696 1297 1850 1378 leges
1889 1296 2200 1379 adoptasse

91 1395 267 1454 etiam
298 1392 491 1475 quoad
518 1392 754 1467 effectus
783 1392 1211 1453 ecclesiasticos,
1255 1395 1356 1452 Ast
1384 1415 1507 1452 non
1545 1415 1749 1454 omnes
1788 1394 2056 1469 admisit3
2103 1395 2209 1455 sed

88 1489 284 1571 plures
313 1489 512 1566 rejecit
543 1487 639 1548 vel
660 1489 906 1547 correxit
932 1533 948 1562 ,
986 1494 1147 1567 cujus
1174 1489 1505 1547 assertionis
1534 1490 1746 1550 vadem
1775 1490 1982 1550 damus
2006 1503 2210 1550 aucto-

88 1605 213 1644 rem
233 1593 650 1664 protestantem
674 1585 710 1642 J
713 1604 847 1642 oan.
875 1584 917 1641 F
919 1582 1229 1642 ridericum
1252 1581 1646 1643 Bockelmann
1668 1629 1684 1658 ,
1710 1585 1810 1666 qui
1837 1585 2034 1666 plures
2056 1584 2210 1664 leges

89 1690 426 1752 enumerat,
453 1678 527 1737 ad
550 1678 990 1738 Matrimonium
1012 1688 1343 1760 spectantes
1361 1723 1379 1753 7
1411 1677 1485 1737 ab
1513 1678 1758 1738 Ecclesia
1783 1679 1882 1740 vel
1907 1678 2210 1760 abrogatas

92 1774 186 1836 vel
213 1786 495 1834 correctas
522 1772 630 1853 (5).
658 1775 792 1832 Jam
812 1795 953 1835 vero
977 1773 1189 1833 exinde
1207 1784 1401 1852 patet,
1431 1774 1737 1833 Ecclesiam
1748 1779 1882 1852 jure
1906 1797 2010 1834 suo
2041 1796 2210 1833 usam

92 1892 245 1946 esse,
275 1871 395 1930 sive
427 1891 561 1929 cum
586 1871 847 1951 proprias
883 1869 958 1928 ad
985 1869 1222 1929 effectus
1252 1890 1438 1927 sacros
1469 1869 1625 1949 leges
1659 1869 2037 1929 connubiales
2066 1890 2210 1928 con-

95 1965 280 2037 didit,
319 1967 439 2026 sive
464 1986 598 2023 cum
629 1966 802 2044 justis
831 1964 904 2024 de
933 1965 1115 2023 causis
1157 1964 1497 2049 Principum
1541 1965 1983 2024 constitutiones
2022 1962 2214 2045 adop·

95 2061 245 2121 tavit
262 2106 278 2134 ,
311 2061 434 2121 sive
460 2083 591 2120 cum
622 2082 715 2120 eas
747 2060 1016 2120 correxit.
1050 2059 1214 2120 Idem
1236 2081 1468 2141 semper
1493 2071 1794 2120 exercetur
1809 2064 1906 2138 jus
1932 2058 2213 2140 legislati-

94 2177 230 2218 vum
254 2157 320 2222 in
352 2167 600 2237 utroque
634 2178 767 2215 casu
790 2155 903 2236 (6).
1424 2148 1429 2155 ’

66 2237 67 2240 ¹
170 2252 313 2310 217.
363 2251 451 2311 Ad
505 2251 586 2310 [ιω
608 2297 624 2326 ‚
678 2254 834 2311 Dist.
891 2249 1196 2312 Ducebant
1240 2249 1558 2310 Christiani
1611 2272 1853 2310 uxorem
1895 2255 2063 2329 juxta
2117 2271 2212 2310 eas

169 2510 236 2573 (1)
272 2509 391 2558 Can.
411 2527 489 2570 xv,
506 2527 583 2558 xvi
607 2522 650 2558 et
669 2528 785 2570 xvu,
805 2511 949 2575 apud.
966 2510 1105 2572 Cat-d.
1128 2537 1130 2539 >
1266 2507 1340 2575 (ὅ)
1378 2507 1458 2556 De
1492 2507 1780 2575 differentiis
1800 2510 1939 2574 juris
1980 2508 2139 2557 civilis
2166 2519 2211 2557 et

103 2591 161 2641 de
189 2590 405 2656 Aguirrc,
464 2590 611 2639 Cone.
661 2592 1036 2657 Hispanwtom.
1065 2609 1109 2650 1,
1194 2591 1438 2638 canonici.
1482 2589 1592 2638 Nos·
1633 2607 1732 2656 cap.
1771 2590 2046 2655 praecedenti
2076 2589 2209 2656 plura

102 2690 209 2737 pag.
237 2669 337 2736 428
353 2683 397 2720 et
414 2690 544 2738 seqq.
958 2676 962 2680 “
1142 2738 1145 2741 .
1197 2672 1438 2721 attulimus
1471 2671 1658 2721 Patrnm
1706 2675 1965 2721 testimonia
1995 2710 2009 2733 ,
2036 2673 2226 2750 quibus⁸

173 2754 240 2818 (2)
259 2754 377 2803 Can.
398 2772 441 2803 xi
456 2794 472 2813 ,
498 2755 622 2819 apud
638 2753 792 2803 Hard.
812 2755 861 2803 A
866 2762 939 2801 cta
963 2753 1110 2802 Cone.
1197 2754 1597 2820 improbantleges
1612 2755 1670 2803 ab
1686 2754 2046 2820 imperatoribus
2065 2757 2178 2804 latas
2191 2793 2205 2815 ‚

105 2846 218 2884 tom.
242 2853 257 2882 1
277 2836 399 2895 ,col.
428 2833 543 2884 265.
1198 2855 1314 2904 quas
1353 2837 1529 2886 nullius
1570 2855 1664 2887 esse
1717 2836 1932 2903 ponderis
1976 2838 2209 2887 affirmant

175 2917 242 2982 (3)
279 2917 507 2967 Celebrat.
547 2935 670 2965 anno
702 2915 801 2966 535
823 2955 836 2976 ‚
876 2934 981 2965 can.
1019 2935 1065 2964 vr
1090 2952 1103 2975 ‚
1196 2932 1404 2986 respectu
1455 2919 1822 2970 Christianorum
1857 2938 1872 2981 ;
1944 2921 2209 2988 cujusmodi

110 2997 228 3047 ibid.
264 3009 376 3049 tom.
398 3017 434 3047 11
454 3037 468 3059 ‚
493 3000 578 3049 col.
609 3016 627 3047 1
643 2997 754 3059 181,
1199 3013 1330 3052 erant
1352 3003 1462 3062 illae,
1489 3003 1663 3069 quibus
1686 3003 2035 3069 permittebatur
2057 3004 2208 3051 divor-

181 3079 248 3143 (4)
283 3079 402 3129 Sane
430 3082 502 3130 vel
529 3084 626 3147 ipse
653 3092 856 3147 apostata
879 3080 947 3129 Μ.
973 3081 1030 3131 Α.
1059 3082 1116 3130 de
1200 3087 1336 3136 tium.
1366 3084 1471 3133 Non
1502 3103 1671 3150 paucas
1694 3086 1818 3150 leges
1847 3086 2005 3134 civiles
2038 3084 2097 3132 ab
2114 3083 2204 3132 Ec-

114 3159 325 3210 Dominis
349 3199 362 3222 ,
387 3163 454 3210 lib
483 3179 511 3209 v
533 3200 546 3222 ‚
571 3161 642 3212 De
667 3162 833 3228 repub.
862 3162 1116 3211 ecclesiast.
1199 3167 1335 3215 clesia
1359 3178 1581 3216 correctas
1597 3156 1763 3232 pariter
1787 3165 1967 3215 exhibet
1989 3164 2207 3213 Nicolaus

116 3260 169 3290 11·
209 3239 273 3309 67
295 3279 309 3302 ,
347 3243 513 3292 fatetur
550 3264 561 3292 z
604 3243 708 3291 Lea.-
747 3243 846 3292 8⁰la
895 3244 1116 3292 eccle8ia-
1202 3250 1440 3299 Miinchcn
1472 3253 1522 3298 in
1565 3251 1757 3299 Dissert.
1790 3247 1859 3296 De
1871 3251 1990 3315 jure
2021 3247 2205 3297 Eccles.

118 3323 238 3371 stica
265 3324 657 3390 impedimentum
678 3327 842 3390 posuit
877 3327 1121 3388 coqnatio-
1207 3331 1391 3382 cathol.
1441 3332 1686 3380 statuendi
1726 3330 2064 3396 impedimenta
2093 3331 2209 3379 Ma·

120 3424 230 3455 nem
258 3408 558 3473 spiritualem
588 3411 833 3458 occasione
861 3406 1121 3475 Baptismi‚
1202 3414 1337 3462 irim.
1369 3413 1648 3461 dirimeneia
1661 3447 1677 3473 ‚
1702 3430 1802 3477 pag.
1820 3409 1885 3479 76
1905 3423 1948 3462 et
1970 3431 2101 3479 seqq.
2118 3411 2209 3460 Co-

127 3489 365 3537 Ordinem
392 3507 581 3539 sacrum
604 3529 618 3552 ,
643 3500 687 3538 et
717 3499 824 3539 vcta
861 3491 1091 3541 solemnia
1107 3528 1120 3551 ‚
1206 3495 1341 3544 loniae
1365 3493 1510 3560 1827.

121 3588 178 3620 ac
224 3570 451 3620 delectum
493 3572 842 3622 solemnitatum
897 3591 1126 3639 quarum·
1277 3576 1346 3639 (6)
1383 3576 1418 3625 C
1423 3577 1481 3625 fr.
1499 3576 1788 3644 Roskovauy,
1805 3594 1882 3642 op.
1901 3573 2212 3644 cit.§37-4¹‚

124 3654 261 3713 dam,
281 3665 369 3705 etc.
1211 3670 1255 3708 et
1283 3658 1458 3719 Gerdil,
1488 3669 1620 3708 tract.
1646 3660 1722 3709 cit.
1742 3669 1858 3725 part.
1879 3676 1893 3705 1
1922 3696 1935 3717 ‚
1971 3656 1998 3723 §
2019 3675 2068 3725 9.

1886 3754 1983 3812 21.
