2612 4146
339 170 417 229 40
954 186 1276 226 rascurus
1319 186 1389 221 DE
1433 185 1851 224 mnumnwrus,

260 342 263 344 ’
340 331 404 390 in
450 329 614 391 coelis
644 350 823 410 quam
842 326 1229 385 militantium
1259 324 1322 381 in
1347 323 1519 383 terris
1538 369 1554 399 ,
1573 337 1640 385 ut
1673 348 1877 386 eorum
1907 327 2125 386 intuitu
2147 373 2162 401 ,
2197 349 2326 410 quae
2360 350 2468 412 per

326 425 584 487 'modum
612 423 912 484 solutionis
945 419 1168 501 abipsa
1205 418 1571 494 offeruntur,
1606 423 1760 480 Deus
1795 445 1904 505 pro
1941 445 2043 482 sua
2070 422 2465 483 misericordia

342 523 615 602 dignetur
651 520 744 582 vel
782 528 970 576 totam
1009 514 1103 576 vel
1140 525 1370 598 partem
1407 513 1563 574 illius
1597 537 1787 597 poenae
1808 564 1825 592 ‚
1864 540 1995 600 quae
2023 518 2102 578 ad
2132 518 2372 600 plenam
2409 529 2469 580 et

340 621 631 698 integram
682 612 1136 673 satisfactionem
1191 633 1299 694 pro
1355 610 1541 693 culpis
1595 610 1858 672 admissis
1912 614 2231 696 requiritur
2247 659 2263 689 ,
2325 636 2470 674 con-

342 715 563 775 donare
591 710 702 790 (l).

425 809 525 868 76.
574 807 711 864 Jam
745 826 886 865 vero
910 849 926 879 7
963 802 1073 862 hoc
1100 824 1277 862 sensu
1305 803 1566 884 exposita
1600 802 2106 882 Indulgentiarum
2128 806 2186 868 vi
2203 817 2472 887 respectu

344 901 777 976 defunctorum,
806 898 951 958 nihil
977 897 1160 958 habet
1182 898 1491 958 enunciata
1517 899 1836 980 propositio
1854 943 1871 975 ‚
1897 899 2057 980 quod
2076 902 2312 961 cordato
2341 902 2472 964 viro

342 1019 467 1057 non
491 994 796 1079 probetur.
826 996 958 1073 Ejus
983 995 1143 1053 enim
1171 995 1481 1054 veritatem
1509 995 1569 1052 1ο
1594 994 1692 1053 illa
1717 995 1914 1054 omnia
1935 1008 2278 1074 argumenta
2307 999 2476 1059 evin-

344 1103 525 1166 cunt,
564 1090 776 1174 quibus
829 1089 1112 1149 Catholici
1149 1090 1467 1164 evincunt,
1514 1090 1784 1170 suffragia
1830 1092 2157 1151 viventium
2189 1092 2477 1153 defunctis

341 1187 618 1271 prodesse
637 1213 652 1261 3
691 1188 759 1244 20
780 1208 909 1246 eam
930 1185 1148 1247 evincit
1163 1186 1490 1266 praesertim
1515 1185 1728 1266 dogma
1750 1188 1823 1245 de
1841 1193 2265 1247 communione
2291 1190 2479 1248 Sanc-

346 1293 544 1343 torum
577 1308 593 1340 :
630 1282 843 1361 Neque
875 1286 1074 1355 enim,
1110 1279 1403 1339 scribebat
1443 1282 1501 1340 S.
1546 1283 1937 1362 AugustinuS‚
1961 1286 2218 1363 piorum
2253 1290 2484 1344 am‘moe

346 1389 731 1438 mortuorum
756 1387 1125 1456 separantur
1145 1377 1224 1436 ab
1250 1376 1621 1436 Ecclesia...
1652 1378 1781 1438 Cur
1795 1381 1962 1436 enim
1981 1379 2146 1456 fiunt
2171 1383 2291 1438 ista
2306 1423 2328 1451 ,
2356 1386 2485 1440 nisi

348 1480 500 1555 quia
508 1475 710 1552 fideles
730 1479 914 1533 etiam
928 1474 1206 1553 defuncti
1226 1473 1500 1532 membra
1518 1477 1646 1552 ejus
1664 1485 1810 1532 sunt
1827 1473 1915 1554 (2)
1929 1473 1960 1534 ’.7
1986 1475 2136 1534 Hinc
2152 1477 2208 1534 S.
2227 1475 2481 1536 Thomas

349 1569 550 1630 subdit
588 1593 600 1628 ε
642 1570 786 1630 Non
817 1581 901 1629 est
927 1573 1139 1649 aliqua
1173 1574 1366 1641 ratic,
1405 1590 1592 1648 quare
1625 1569 1899 1629 Ecclesia
1941 1574 2276 1650 transferre
2294 1573 2488 1650 possit

350 1672 700 1726 communia
739 1670 958 1725 merita
980 1709 999 1736 ,
1034 1666 1260 1744 quibus
1295 1665 1700 1745 Indulgentz'ae
1733 1669 2120 1740 innituntur,
2146 1672 2215 1725 in
2242 1671 2404 1727 vivos
2429 1678 2486 1727 et

351 1785 475 1823 non
497 1767 567 1821 in
594 1773 857 1820 mortuos
874 1761 979 1842 (3).
1001 1760 1067 1820 30
1095 1761 1236 1820 Eam
1255 1760 1472 1821 evincit
1496 1761 1807 1820 auctoritas
1828 1764 2222 1821 Romanorum
2244 1763 2482 1822 Pontifi-

357 1879 493 1916 cum
514 1903 530 1932 ,
555 1858 712 1917 inter
740 1878 884 1939 quos
901 1859 1159 1915 Joannes
1178 1856 1308 1915 VIII
1329 1902 1345 1930 .‚
1373 1877 1450 1914 an
1470 1901 1485 1913 .
1508 1855 1627 1915 878
1649 1901 1665 1931 ‚
1697 1867 1758 1916 et
1775 1859 2033 1917 Joannes
2053 1860 2131 1916 IX
2155 1904 2171 1933 ‚
2192 1880 2288 1917 an.
2314 1858 2434 1918 900
2463 1903 2480 1934 ,

355 1952 754 2034 Indulgentias
776 1953 839 2011 in
864 1951 1203 2031 suffragium
1226 1950 1640 2011 defunctorum
1661 1965 2075 2014 concesserunt
2091 1954 2203 2035 (4).
2225 1954 2484 2036 Reliquis

360 2202 363 2206 Ι
424 2147 440 2208 (
451 2146 495 2210 l)
516 2147 611 2196 Nec
627 2157 783 2196 tamen
799 2147 1061 2212 putandum
1077 2157 1159 2202 est,
1176 2149 1371 2195 minime

357 2228 544 2277 differre
561 2230 789 2296 ejusmodi
813 2229 1213 2295 Indulgentiarum
1234 2267 1247 2288 ‚
1273 2246 1372 2294 quae

357 2328 439 2376 per
464 2311 658 2360 modum
687 2311 895 2377 suffragii
915 2312 1240 2369 conferuntur,
1258 2327 1373 2358 con-

358 2395 613 2441 cessionem
647 2412 673 2441 a
711 2394 836 2441 nuda
871 2395 1075 2441 oratione
1122 2398 1167 2441 et
1198 2409 1331 2456 prece
1359 2429 1372 2451 ‚

358 2475 589 2541 siquidem
606 2486 768 2541 praeter
784 2478 1012 2524 rationem
1042 2477 1374 2540 impetrationis

360 2558 681 2623 complectitur
732 2558 811 2606 illa
860 2558 1039 2623 largitio
1090 2557 1372 2606 oblationem

360 2642 497 2705 pretii
523 2658 604 2688 seu
624 2641 1013 2699 satisfactionum,
1034 2658 1177 2706 quam
1200 2639 1298 2688 Deo
1319 2657 1374 2688 ex

361 2721 574 2770 thesauro
615 2722 818 2771 Ecclesia
860 2723 1040 2770 tribuit.
1085 2721 1204 2771 Sane
1250 2721 1381 2771 aliter

364 2813 602 2867 praestaret
620 2803 827 2851 officium
848 2821 985 2851 suum
1003 2804 1127 2867 apud
1145 2804 1375 2869 judicem,

367 2888 447 2952 qui
469 2903 577 2934 eum
605 2885 931 2934 tantummodo
961 2887 1279 2951 deprecaretur
1297 2925 1310 2946 ,
1329 2899 1380 2936 ut

367 2969 618 3017 dimitteret
633 2985 812 3017 carcere
838 2968 1078 3017 detentum
1106 2967 1165 3015 ob
1197 2986 1252 3016 aes
1275 2969 1384 3017 alie·

367 3068 504 3109 num,
524 3067 616 3115 quo
635 3060 843 3115 gravatus
859 3060 924 3098 est
944 3067 956 3111 3
983 3051 1114 3098 aliter
1129 3068 1237 3098 vero
1265 3088 1277 3110 ‚
1299 3053 1382 3116 qui

369 3142 585 3196 praeterea
614 3142 794 3181 tantum
824 3132 1035 3188 offerret,
1054 3143 1283 3198 quantum
1312 3150 1384 3181 re-

371 3217 570 3279 quiritur
600 3214 658 3263 ad
682 3214 892 3263 debitum
928 3215 1201 3262 solvendum
1227 3232 1241 3277 3
1269 3231 1386 3280 prae-

372 3298 529 3343 sertim
548 3298 584 3343 si
601 3299 659 3357 is,
686 3298 767 3363 qui
786 3299 1032 3361 pecuniam
1046 3296 1194 3352 offert,
1220 3300 1270 3344 in
1287 3298 1387 3361 dig-

371 3379 517 3425 nitate
534 3379 590 3425 sit
605 3382 900 3440 constitutus,
921 3389 967 3427 et
984 3379 1045 3427 ad
1071 3379 1161 3427 hoc
1182 3379 1388 3427 officium

370 3459 683 3523 praestandum
702 3479 725 3509 a
745 3462 954 3526 Principe
982 3464 1079 3527 ipso
1107 3464 1164 3509 sit
1184 3462 1353 3509 electus
1375 3499 1389 3522 ‚

374 3540 529 3605 qualis
558 3544 609 3589 in
632 3555 922 3593 casu-nostro
940 3544 1141 3593 Ecclesia
1172 3554 1259 3592 est.
1291 3542 1389 3596 Csr.

374 3622 523 3671 Fume
549 3660 563 3682 ‚
593 3622 769 3688 Dae'fesa
799 3625 915 3674 delle
936 3626 1141 3675 doctrine
1166 3625 1243 3674 del
1263 3625 1393 3675 Con-

374 3704 488 3753 cilio
514 3704 568 3752 di
605 3705 799 3755 Tremo.

1529 2147 1595 2210 (2)
1634 2146 1704 2196 De
1731 2150 1867 2199 civit.
1897 2150 2028 2209 Dei,
2068 2149 2155 2199 lib.
2179 2168 2257 2209 xx,
2286 2167 2390 2215 cap.
2427 2165 2482 2215 9,

1462 2246 1515 2277 n.
1554 2245 1605 2280 2.

1532 2309 1597 2374 (3)
1634 2307 1812 2377 Suppl.
1848 2322 2009 2377 quaest.
2039 2329 2097 2378 71
2123 2350 2137 2372 ‚
2168 2323 2256 2361 art.
2299 2329 2378 2360 xo.

1533 2392 1602 2456 (4)
1637 2392 1772 2458 Apud
1805 2394 2051 2443 Mabillon.
2088 2394 2292 2459 Proefat.
2329 2394 2395 2443 ad
2409 2411 2485 2441 se-

1462 2473 1559 2524 cul.
1576 2474 1888 2525 Benedictin.
1923 2476 2005 2524 His
2021 2476 2325 2526 Pontificibus
2346 2477 2486 2543 adjici

1464 2568 1657 2623 possunt
1681 2556 1911 2606 Paschalis
1934 2576 1951 2605 1
1971 2597 1984 2618 ‚
2016 2559 2186 2607 electus
2203 2577 2327 2607 anno
2344 2557 2442 2625 817
2458 2594 2475 2620 ‚

1466 2642 1575 2705 qui,
1591 2650 1642 2687 ut
1659 2641 1795 2688 refert
1816 2639 2124 2690 Bellarminus
2143 2679 2157 2702 ‚
2178 2640 2260 2689 De
2276 2640 2481 2705 Indulq.

1467 2722 1558 2770 lib.
1589 2739 1637 2784 1,
1668 2739 1773 2787 cap.
1814 2721 1904 2786 14,
1951 2742 2003 2772 n.
2038 2739 2066 2770 2
2088 2760 2102 2783 ,
2141 2725 2365 2771 concessit
2400 2722 2482 2768 In-

1468 2803 1752 2868 dulgentiam
1780 2821 1862 2868 pro
1880 2805 2111 2853 defunctis
2129 2841 2142 2862 ‚
2170 2822 2271 2869 quae
2289 2803 2486 2850 habetur

1468 2888 1519 2932 in
1565 2885 1766 2933 Ecclesia
1815 2884 1865 2934 S.
1920 2885 2133 2934 Praxedis
2196 2888 2247 2932 in
2294 2887 2485 2933 introitu

1468 2966 1638 3014 aedium
1668 2969 1811 3015 sancti
1839 2967 2067 3029 Zenonis3
2106 2977 2149 3015 et
2178 2965 2383 3015 Gelasius
2416 2982 2485 3030 11,

1470 3051 1552 3114 qui
1579 3067 1701 3097 anno
1723 3066 1740 3097 1
1759 3067 1775 3097 1
1794 3048 1850 3097 18
1872 3050 2364 3100 dedicavitEcclesiam
2384 3070 2486 3100 me-

1471 3131 1798 3195 tropolitanam
1825 3130 2119 3182 Genuensem
2144 3171 2156 3192 ‚
2186 3145 2321 3198 prout
2346 3144 2488 3183 testa-

1473 3224 1549 3266 tur
1574 3214 1649 3263 Cl.
1675 3214 2030 3264 Lambruschini
2048 3250 2062 3275 ,
2099 3225 2234 3264 antea
2252 3217 2492 3283 theologiae

1475 3300 1724 3365 professor,
1744 3308 1896 3363 postea
1924 3316 2028 3346 vero
2047 3309 2228 3347 evectus
2248 3318 2271 3347 a
2297 3300 2378 3347 Pio
2402 3298 2492 3346 VII

1478 3382 1536 3430 ad
1552 3383 1863 3446 episcopatum
1884 3380 2229 3429 Urbevetanum
2250 3418 2262 3440 ‚
2283 3384 2331 3429 in
2350 3382 2490 3429 thesi·

1477 3464 1566 3511 bus
1581 3499 1593 3522 ‚
1611 3481 1726 3528 quas
1749 3462 1909 3510 Januae
1931 3463 2160 3528 evulgavit
2178 3480 2300 3511 anno
2331 3479 2455 3529 ¹79⁰
2477 3498 2490 3521 ‚

1480 3563 1586 3610 pag.
1619 3541 1730 3610 198,
1757 3562 1809 3592 n.
1842 3542 1905 3607 43
1927 3579 1942 3606 ‚
1988 3562 2041 3593 ac
2078 3545 2206 3594 dedit
2239 3545 2496 3609 Indulgen-

1479 3632 1590 3676 tiam
1606 3628 1855 3692 plenariam
1869 3627 2093 3675 omnibus
2109 3627 2350 3693 defunctis
2365 3643 2495 3675 mas-

1481 3708 1602 3757 culis
1635 3717 1679 3758 et
1697 3709 1914 3774 foeminis
1931 3747 1945 3776 ‚
1976 3712 2064 3776 qui
2090 3710 2271 3759 mortui
2297 3715 2415 3756 sunt
2447 3710 2500 3755 in
