2612 4146
2151 205 2226 263 67

438 219 560 256 CAP.
611 217 673 255 11.
722 219 782 255 IN
827 218 974 257 SING.
1023 221 1266 258 SACRAM.
1316 220 1477 259 Ex'rR.
1527 220 1732 272 UNCT„
1779 223 1906 261 E‘rc.

120 374 216 420 tur
247 361 355 441 (1).
397 361 499 419 Ast
533 382 656 419 non
684 360 931 420 minima
967 361 1123 440 viget
1156 362 1548 422 controversia
1588 363 1734 422 circa
1761 361 2230 425 benedictionem

119 455 256 515 huic
298 455 425 515 oleo
468 455 778 515 adnexam.
823 458 908 515 De
945 455 1054 515 hac
1096 455 1424 516 Tridentini
1462 460 1662 518 Patres
1697 457 2022 518 docuerunt
2070 482 2086 516 ι
2128 462 2233 520 Ea:

126 553 445 631 apostolica
474 551 797 609 traditione
814 573 934 630 per
961 541 1183 610 monus
1222 563 1542 631 accepta...
1592 555 1889 613 intelleoeit
1927 555 2231 631 Ecclesia,

122 650 443 705 materiam
466 667 581 704 esse
614 647 808 705 oleum
831 648 910 704 ab
945 647 1243 726 Episcopo
1281 647 1658 706 benedictum
1697 647 1807 727 (2).
1851 649 2019 709 Certe
2060 648 2233 728 hujus

123 739 544 800 benedictionis
568 786 584 814 ,
626 752 694 798 ut
731 740 1015 816 vidimus,
1045 745 1170 819 jam
1213 741 1489 799 meminit
1526 743 1585 800 S.
1616 744 1989 803 Innocentius
2021 747 2067 803 I.
2120 745 2236 804 Sed

110 847 329 906 *utrum
349 834 470 895 haec
503 836 769 917 Episcopi
789 835 1117 901 benedictio
1146 837 1467 895 necessaria
1493 836 1569 895 sit
1588 838 1931 899 necessitate
1956 842 2236 922 praecepti

125 928 312 989 divini
346 952 449 990 seu
476 931 832 991 Sacramenti
851 976 869 1006 ,
898 952 975 988 an
994 929 1183 989 solum
1211 930 1614 1006 ecclesiastici,
1643 942 1710 990 ut
1735 953 1940 1014 graves
1962 935 2238 1014 Theologi

122 1029 387 1086 sentiunt
405 1071 422 1102 ,
455 1028 558 1108 qui
579 1038 890 1108 propterea
907 1036 1124 1105 negant
1144 1025 1299 1086 hanc
1322 1026 1793 1086 benedictionem
1825 1029 1901 1087 ad
1924 1030 2237 1090 essentiam

124 1122 480 1182 Sacramenti
508 1123 801 1203 pertinere
817 1165 834 1195 ,
859 1119 1012 1179 nihil
1033 1121 1174 1181 certi
1198 1123 1374 1181 statui
1394 1143 1565 1204 posse
1592 1122 1828 1183 videtur
1848 1123 1955 1204 (3).
1982 1128 2049 1182 In
2071 1127 2240 1207 praxi

126 1228 327 1277 tamen
354 1218 627 1276 tutiorem
665 1227 894 1297 partem
925 1216 1243 1276 tenendam
1273 1238 1395 1276 esse
1433 1218 1494 1277 in
1523 1216 2031 1279 administratione
2053 1219 2238 1298 hujus

121 1311 478 1371 Sacramenti'
492 1354 512 1386 ,
530 1332 706 1371 nemo
727 1323 815 1370 est
842 1312 943 1392 qui
958 1309 1235 1392 ambigat.
1256 1311 1409 1370 Illud
1427 1322 1626 1372 autem
1649 1324 1872 1373 certum
1900 1325 1990 1372 est
2011 1358 2027 1389 ,
2062 1307 2246 1396 prout

122 1406 396 1467 observat
436 1407 780 1468 Benedictus
822 1410 990 1483 XIV,
1042 1408 1239 1468 oleum
1283 1410 1656 1470 infirmorum
1710 1433 1784 1470 ex
1832 1432 2103 1493 expressa
2145 1411 2239 1472 vel

123 1503 299 1560 tacita
323 1503 539 1562 summi
570 1504 865 1562 Pontificis
898 1505 1265 1565 concessione
1297 1527 1331 1564 a
1357 1505 1607 1588 simplici
1646 1506 1993 1587 Presbytero
2035 1507 2240 1567 confici

120 1617 313 1677 posse.
346 1598 587 1657 Certum
609 1608 889 1680 praeterea
911 1610 1000 1658 est
1019 1644 1036 1674 ,
1067 1599 1379 1659 orientales
1406 1601 1777 1682 Presbyteros
1801 1602 2016 1684 passim
2044 1598 2240 1662 oleum

119 1692 491 1752 infirmorum
520 1692 868 1754 benedicere
893 1693 967 1753 ab
997 1697 1160 1775 omni
1189 1707 1347 1756 retro
1376 1707 1542 1756 aetate
1561 1741 1578 1772 ,
1615 1698 1765 1779 quin
1800 1709 2002 1757 tamen
2033 1698 2142 1757 hac
2166 1697 2240 1757 de

118 1807 285 1847 causa
305 1787 593 1869 objurgati
621 1811 885 1872 unquam
913 1790 1133 1851 fuerint
1159 1790 1274 1873 (4).

191 1992 261 2056 (1)
294 1991 404 2040 Non
436 1993 619 2042 videtur
642 2005 798 2043 tamen
818 1994 1140 2059 improbabilis

120 2072 323 2122 Suarezii
338 2078 622 2140 conjectura,
639 2076 751 2125 dum
767 2076 942 2137 scribit,
958 2087 1068 2125 tom.
1089 2092 1138 2127 ιν

46 2218 48 2221 ¹
121 2156 171 2202 in
192 2171 244 2202 ιιι
270 2166 389 2220 part.
417 2155 465 2205 S.
486 2157 653 2208 Thom.
673 2159 795 2224 disp.
821 2156 887 2222 4ο
903 2196 917 2219 ,
946 2169 1058 2208 sect.
1089 2174 1134 2221 13

121 2253 173 2284 n.
221 2252 277 2283 10
323 2254 337 2285 :
376 2236 487 2285 Imo
515 2237 775 2303 aliquando
813 2240 1003 2288 videtur
1036 2239 1137 2290 Ec-

120 2315 262 2364 clesia
284 2334 374 2366 usa
402 2318 491 2367 hac
519 2323 725 2369 materia
755 2323 1008 2386 (mixtione
1046 2323 1135 2371 olei

125 2407 168 2445 et
202 2398 434 2462 balsami)
467 2404 615 2450 etiam
655 2402 720 2450 ad
752 2404 1034 2468 unqendum
1063 2406 1136 2452 in-

118 2479 307 2541 firmos.
356 2482 454 2531 Hac
475 2487 652 2534 ratione
679 2487 965 2551 explicantur
985 2523 1000 2550 ,
1032 2502 1135 2552 qnae

124 2565 315 2625 opponit
333 2563 584 2629 Basnagius
600 2583 655 2613 ex
681 2565 731 2613 S.
754 2567 887 2625 Joan,
917 2568 1132 2618 Damasc.

120 2645 173 2690 in
198 2642 415 2695 orat.‘De
432 2646 497 2692 iis
513 2648 600 2710 qui
623 2648 679 2693 in
691 2645 788 2710 fide
802 2647 1102 2696 dormierunt
1113 2682 1131 2710 ‚

122 2742 173 2772 n.
215 2723 250 2773 8
273 2743 287 2774 :
320 2724 468 2774 Velut
486 2730 642 2787 enim,
670 2730 758 2793 qui
779 2738 1020 2795 unquento
1046 2734 1131 2797 (gr.

115 2804 261 2873 μόρῳ)
279 2808 433 2857 aliove
457 2818 619 2858 sancto
636 2809 731 2859 oleo
755 2820 985 2876 myrotum
1000 2815 1137 2878 cupit

115 2903 325 2953 runqere,
355 2901 400 2939 et
420 2906 476 2940 ex
501 2891 626 2942 ord.
652 2893 790 2942 Rom.
814 2904 929 2942 tom.
947 2911 978 2942 x
997 2893 1131 2945 Bibl.

116 2965 345 3032 Petrum,
355 2990 455 3038 pag.
468 2990 548 3041 70,
558 2975 639 3023 ubi
653 2975 882 3024 Extremae
893 2976 1132 3025 Unctionis

121 3055 311 3101 materia
343 3063 642 3119 unquentum
682 3059 1035 3123 compositionis
1062 3069 1131 3107 at-

125 3148 214 3194 que
226 3137 566 3196 permixtionis
589 3146 775 3186 vocatur
793 3139 952 3205 (quem
975 3151 1132 3189 tamen

128 3220 303 3269 'textam
335 3218 532 3267 in.nullo
560 3219 733 3268 Ordine
746 3220 956 3270 Romano
980 3236 1033 3270 ex
1053 3225 1128 3283 iis,

121 3309 248 3357 quos
271 3297 506 3360 consului,
521 3304 715 3365 reperire
735 3305 883 3366 potui.
918 3302 1041 3367 Quin
1061 3314 1130 3352 ta-

118 3390 236 3421 -men
254 3389 433 3426 necesse
456 3381 513 3428 sit
546 3398 743 3432 asserere
772 3401 879 3432 cum
907 3384 1130 3451 Basnagio

129 3466 352 3505 mutatam
385 3459 522 3510 fuisse
547 3461 688 3530 hujus
721 3468 953 3515 unctionis
985 3477 1130 3516 mate-

124 3539 242 3586 riam
263 3574 278 3601 ,
294 3556 401 3588 cum
423 3540 521 3590 fieri
535 3549 732 3607 potuerit
746 3557 799 3596 ut·
823 3565 963 3613 parva
985 3566 1131 3614 quan-

127 3619 229 3667 titas
255 3621 439 3670 alterius
471 3622 662 3689 liquoris
694 3627 793 3676 oleo
834 3632 1129 3694 permiscere-

127 3708 199 3748 tur
232 3719 248 3766 3
284 3721 424 3770 quam
463 3709 840 3757 commixtionem
878 3727 991 3759 verae
1026 3728 1130 3760 ma-

1220 1997 1345 2044 teriae
1359 1998 1553 2046 minime
1564 1996 1748 2047 officere
1763 2008 1883 2047 recte
1897 1999 2107 2049 observat
2120 1999 2237 2050 ibid.

1219 2076 1406 2128 Suarez.

1288 2160 1358 2225 (2)
1395 2160 1518 2211 Sess.
1555 2178 1662 2222 xiv,
1707 2161 1787 2210 De
1815 2159 2048 2210 Extrema
2086 2162 2234 2213 Unot.

1220 2260 1324 2308 cap.
1362 2259 1404 2290 1.

1286 2323 1359 2389 (3)
1388 2323 1486 2372 Cfr.
1509 2323 1793 2373 Benedictus
1817 2315 1923 2385 xiv,
1940 2325 2022 2373 De
2045 2327 2229 2390 Synod-

1217 2405 1404 2454 dioeces.
1435 2406 1524 2454 lib.
1551 2418 1657 2469 vm,
1691 2424 1789 2471 cap.
1829 2425 1856 2473 7
1879 2443 1893 2469 ,
1927 2406 1973 2472 ἓ.
2005 2405 2058 2470 4.

1285 2486 1353 2551 (lo)
1389 2486 1592 2535 Ibidem.
1612 2487 1829 2535 Attamen
1845 2485 2014 2536 Suarez
2035 2484 2125 2536 loc.
2146 2491 2228 2537 cit.

1216 2583 1269 2615 n.
1285 2565 1333 2622 8,
1348 2568 1610 2627 contendit,
1624 2566 2002 2618 benedictionem
2015 2569 2229 2634 Episcopi

1216 2651 1280 2696 ita
1312 2665 1366 2696 ex
1397 2647 1566 2696 Christi
1598 2648 1887 2699 institutione
1924 2653 2230 2699 necessariam

1216 2745 1315 2777 esse
1335 2766 1348 2789 ,
1377 2740 1428 2777 ut
1453 2748 1607 2796 neque
1625 2750 1651 2779 a
1675 2731 1813 2780 Rom.
1841 2731 2062 2781 Pontifice
2091 2735 2232 2798 possit

1214 2827 1266 2859 ea
1308 2809 1533 2860 committi
1581 2813 1778 2878 simplici
1815 2813 2103 2881 Presbytero.
2144 2813 2228 2864 Vi-

1213 2892 1351 2941 detur
1408 2895 1609 2942 eximius
1659 2895 1737 2944 hic
1791 2895 1951 2945 doctor
1982 2915 2228 2964 nunquam

1213 2972 1372 3040 legisse
1406 2972 1687 3042 Euchologia
1722 2977 1984 3028 Graecorum
2006 3017 2019 3039 ,
2048 2999 2102 3028 ex
2118 2982 2229 3045 qui-

1206 3056 1300 3125 bus
1319 3068 1497 3106 constat
1524 3097 1538 3119 ,
1567 3077 1592 3108 a
1610 3049 1815 3125 tempore
1843 3061 2224 3120 immemorabili,

1211 3140 1347 3189 Rom.
1387 3140 1691 3213 Pontificibus
1739 3143 2056 3193 annuentibus
2082 3181 2096 3203 ,
2138 3141 2224 3192 Sa-

1211 3223 1414 3271 cerdotes
1437 3223 1594 3273 oleum
1615 3225 1672 3273 ad
1696 3227 1986 3290 inungendos
2007 3225 2221 3273 infirmos

1210 3302 1504 3355 benedicere.
1539 3307 1680 3356 Hunc
1711 3324 1886 3355 morem
1905 3345 1918 3366 ,
1940 3317 1991 3355 ut
2010 3305 2227 3356 observat

1209 3385 1483 3436 Benedictus
1500 3405 1582 3437 xw
1602 3426 1615 3449 ,
1641 3387 1833 3436 Armeni
1849 3390 1988 3436 etiam
2002 3390 2221 3451 retinent,

1210 3470 1279 3516 uti
1309 3478 1353 3517 et
1370 3469 1558 3535 reliquae
1585 3467 1825 3518 orientales
1849 3473 2223 3541 communiones,

1210 3566 1352 3615 quem
1378 3551 1591 3616 probavit
1606 3549 1903 3601 Innocentius
1920 3570 2004 3602 vm
2025 3592 2038 3614 ,
2059 3571 2114 3603 ac
2131 3554 2220 3603 ite-

1211 3644 1317 3680 rum
1345 3629 1625 3681 Benedictus
1657 3633 1756 3697 ipse
1778 3649 1881 3683 xIv.

1883 3794 1939 3852 5.
