2508 4120
2039 186 2042 189 ’
2119 190 2230 249 179

571 207 691 243 GAP.
739 207 798 244 V.
847 207 914 242 DE
958 206 1240 243 GAELIBATU
1286 206 1627 243 ECGLESIAS'I'.
1676 208 1795 244 ETC.

144 365 268 426 quae
308 345 370 402 in
402 345 730 405 societatem
772 347 1126 427 proveniunt
1163 346 1235 404 ab
1270 345 1784 405 ecclesiasticorum
1834 347 2115 408 caelibatu.
2159 352 2234 410 Hi

141 461 315 521 porro
352 461 559 518 parum
601 440 709 498 sibi
740 451 1068 500 constantes
1112 440 1428 499 tolerantiae
1462 441 1698 506 nomine
1738 440 1956 501 vellent
1993 443 2235 503 liberta—

142 543 261 591 tem
296 533 444 592 clero
466 534 744 594 catholico
779 535 1030 594 adimere
1053 579 1071 610 ‚
1109 555 1356 615 eumque
1386 537 1523 613 jugo
1552 535 1907 594 matrimonii
1931 536 2230 616 subjicere.

220 627 360 685 213.
408 629 496 686 Sic
531 650 666 687 vero
693 631 993 688 veritatem
1030 627 1207 686 thesis
1244 628 1593 686 adstruimus
1624 650 1637 685 ε
1675 629 1789 687 Lex
1825 629 1921 689 illa
1953 633 2234 691 societatis

141 721 374 780 utilitati
402 723 597 802 reique
619 722 860 803 publicae
884 721 1198 782 commodis
1235 720 1555 779 conducere
1579 721 1823 781 dicenda
1859 736 1944 783 est
1964 773 1980 802 ‚
2024 747 2152 808 quae
2179 738 2238 787 et

141 815 370 873 familiis
413 819 839 897 perennitatem
877 828 935 876 et
981 816 1202 895 generis
1241 815 1719 896 propagationem
1761 817 1957 890 affert3
2002 841 2240 902 quaeque

140 909 316 968 eflicit
334 955 349 983 ‚
376 922 441 968 ut
465 910 669 971 litterae
692 923 750 971 et
764 910 933 969 bonae
950 921 1097 968 artes
1115 909 1518 970 vehementius
1543 909 1909 988 excolantur3
1932 934 2058 994 quae
2079 915 2243 974 deni-

138 1023 252 1084 que
275 1004 518 1086 publicae
550 1006 941 1066 beneficentiae
974 1017 1032 1063 et
1070 1004 1362 1063 charitatis
1384 1005 1646 1063 instituta
1677 1006 1915 1065 mirifice
1938 1022 2244 1090 promovet

141 1101 586 1182 amplificatque.
620 1102 791 1182 Atqui
823 1101 950 1159 talis
990 1110 1077 1159 est
1101 1100 1472 1158 continentiae
1506 1098 1620 1158 lex.

218 1196 358 1254 214.
409 1198 515 1255 Per
550 1217 676 1254 eam
711 1195 996 1275 siquidem
1038 1195 1293 1255 Ecclesiae
1330 1195 1615 1267 ministri,
1663 1195 1762 1276 qui
1807 1207 1944 1253 sunt
1990 1190 2244 1257 ‘ministri

139 1288 375 1370 publici,
403 1312 433 1347 a
460 1290 662 1370 quovis
685 1290 1000 1350 domestico
1018 1291 1248 1369 negotio
1274 1289 1463 1363 liberi,
1493 1300 1646 1347 totos
1672 1311 1732 1348 se
1753 1292 2084 1372 mancipare
2109 1314 2244 1372 pos-

137 1396 275 1442 sunt
306 1383 534 1465 publico
569 1384 813 1444 fratrum
845 1406 907 1443 ac
935 1386 1259 1445 concivium
1285 1406 1522 1442 suorum
1556 1385 1861 1443 commodo
1894 1407 1958 1444 ac
1986 1386 2243 1460 utilitati;

137 1490 334 1537 contra
358 1499 495 1538 vero
514 1479 560 1536 si
582 1479 908 1538 domesticis
932 1480 1078 1537 curis
1098 1479 1501 1537 detinerentur
1525 1524 1541 1554 ‚
1571 1499 1698 1560 quae
1722 1481 1982 1558 conjugio
2011 1480 2249 1541 adnexae

134 1574 269 1632 sunt
289 1618 304 1646 ‚
342 1573 404 1631 in
434 1574 578 1633 duas
608 1574 791 1634 veluti
830 1586 1024 1655 partes
1053 1573 1546 1645 distraherentur3
1585 1572 1830 1654 publicae
1866 1575 2152 1655 siquidem
2183 1598 2249 1635 ac

132 1669 371 1750 privatae
393 1670 475 1728 rei
504 1682 842 1749 cogerentur
865 1691 1061 1729 curam
1088 1689 1303 1747 gerere.
1336 1668 1600 1748 Cumque
1623 1668 1938 1727 domestica
1965 1670 2247 1747 ejusmodi

134 1784 198 1821 ac
235 1765 461 1844 privata
490 1764 827 1838 commoda,
872 1775 936 1830 ut
975 1785 1371 1845 saepenumero
1407 1764 1640 1824 evenire
1683 1765 2099 1845 conspicimuS‚
2145 1767 2250 1823 Sa—

132 1857 377 1916 cerdotis
409 1859 780 1917 matrimonio
807 1860 997 1936 juncti
1042 1859 1304 1921 animum
1343 1870 1532 1915 totum
1570 1857 1643 1915 ad
1687 1879 1746 1916 se
1779 1860 2051 1939 rapiant„
2099 1859 2246 1918 illud

136 1952 339 2032 procul
375 1952 552 2011 dubio
578 1954 870 2028 eveniret,
905 1965 970 2010 ut
994 1963 1223 2011 tantum
1254 1953 1504 2034 publicae
1531 1952 1770 2011 utilitati
1804 1953 2246 2028 detraheretur,

136 2058 419 2126 quantum
447 2048 771 2107 domesticis
806 2048 953 2107 curis
989 2048 1111 2127 ipse
1146 2059 1377 2107 vacaret
1403 2047 1514 2127 (1).

214 2141 351 2199 215.
398 2143 517 2200 Hac
572 2154 879 2224 propterea
933 2142 1244 2200 domestica
1297 2141 1685 2202 sollicitudine
1745 2143 1908 2204 vacui
1975 2143 2238 2202 Ecclesiae

136 2235 386 2294 ministri
415 2238 592 2316 magis
627 2238 687 2295 in
718 2238 920 2318 primis
960 2236 1153 2310 idonei
1177 2236 1561 2297 inveniuntur
1597 2236 1671 2295 ad
1700 2237 2247 2296 communicandam

207 2453 275 2517 (1)
311 2455 489 2521 Optime
510 2462 672 2504 auctor
701 2467 786 2504 art.
822 2459 902 2504 cit.
942 2454 1025 2504 Du
1065 2456 1151 2503 Ce-
1231 2455 1278 2502 la
1310 2455 1637 2514 Ρνουίᾱεηοε,
1674 2471 1736 2502 ou
1754 2471 1884 2518 pour
1904 2455 2017 2502 bien
2038 2457 2191 2502 servir
2208 2455 2250 2503 Ie

138 2540 256 2587 libat
279 2539 357 2586 des
376 2541 557 2604 pretrea
581 2559 595 2583 :
631 2538 682 2585 Il
704 2555 734 2601 y
766 2555 795 2583 a
817 2538 936 2584 dans
970 2538 1151 2600 chaque
1226 2553 1350 2600 pays
1376 2572 1387 2594 ‚
1416 2552 1540 2582 nous
1572 2535 1746 2582 ‹levons
1766 2572 1779 2595 ‚
1819 2543 1992 2582 auiam
2019 2535 2147 2598 qu’il
2183 2545 2251 2583 est

140 2626 232 2668 etat
261 2621 385 2667 deum
402 2619 570 2666 classes
597 2619 654 2665 de
683 2620 923 2682 citemus,
956 2635 1018 2665 ou
1033 2617 1148 2682 plu-

138 2704 202 2750 ἰόι
220 2702 340 2748 dans
362 2701 539 2764 chaque
560 2701 755 2763 citoyen
783 2700 908 2746 deum
922 2698 1145 2756 hommes,

133 2784 352 2832 l’homme
396 2781 568 2849 public
602 2790 645 2828 et
684 2781 902 2828 l’homme
934 2782 1074 2846 priv&
1128 2798 1148 2825 .·

138 2867 362 2923 celui-ci,
400 2868 643 2912 concentre
686 2864 808 2910 dam
844 2879 898 2910 sa
928 2861 1143 2926 scintille,

140 2946 354 2996 travaille
379 2964 440 2995 en
469 2946 645 2994 silence
666 2947 696 2993 ὰ
715 2962 801 2993 son
826 2962 1001 3011 propre
1029 2945 1145 2991 bon-

141 3028 295 3090 henr,
341 3039 384 3076 et
426 3030 458 3076 ὰ
497 3028 624 3076 celui
654 3028 732 3074 des
780 3030 896 3074 &tres
945 3029 1031 3091 qui
1074 3026 1147 3074 lui

141 3119 245 3158 sont
258 3110 388 3158 chere
404 3128 419 3174 3
437 3110 605 3158 l'autre
616 3149 633 3170 ,
648 3117 826 3157 corlant
855 3109 910 3156 de
925 3108 972 3156 la
985 3108 1146 3173 sphere

143 3192 303 3238 etrot'te
338 3190 412 3239 oia⁴
439 3191 489 3239 la
522 3201 692 3239 nature
728 3189 941 3237 semblait
979 3189 1146 3238 l’avoir

143 3274 421 3319 circonscrit
438 3306 453 3330 ,
488 3272 646 3321 s’eleve
680 3273 712 3319 ὰ
749 3271 795 3318 la
839 3271 1042 3318 hauteur
1064 3271 1146 3319 dee

143 3353 380 3418 fonctions
409 3354 674 3417 ausquelles
705 3353 747 3402 il
783 3362 848 3400 est
874 3352 1035 3418 appele
1052 3387 1068 3412 ,
1105 3362 1148 3400 et

145 3452 193 3483 se
230 3434 417 3498 sacrific
433 3442 531 3482 tout
557 3437 707 3483 entier
730 3449 830 3482 aux
854 3435 1148 3498 intereeepu-

145 3515 262 3567 hlics
295 3515 408 3563 dont
434 3514 472 3561 il
499 3524 568 3564 eet
591 3514 886 3581 depositaire.
934 3514 1033 3562 Car
1062 3531 1148 3563 nos

141 3598 293 3662 forces
328 3605 371 3643 et
402 3613 486 3643 nos
515 3596 712 3660 facultas
741 3605 844 3643 som
882 3597 929 3642 si
957 3595 1148 3645 barnee-v

146 3696 234 3743 que
259 3717 272 3740 ,
304 3696 430 3744 pour
457 3678 565 3726 bien
608 3677 833 3744 repondre
865 3693 931 3724 au
955 3693 1057 3725 voeu
1090 3677 1148 3725 de

1232 2633 1292 2662 en
1331 2632 1486 2675 nous,
1535 2616 1780 2663 diminuer
1829 2626 1873 2662 et
1907 2633 2135 2664 resserrer
2164 2634 2250 2665 ‘no-3

1230 2696 1509 2760 obliquatione
1531 2699 1721 2761 princes
1737 2736 1750 2756 ,
1779 2699 1810 2745 ὰ
1837 2714 2019 2746 mesure
2048 2715 2136 2762 que
2160 2716 2248 2746 nos

1231 2778 1418 2827 devoirs
1446 2779 1639 2844 publice
1681 2778 1939 2827 s’etendent
1977 2789 2021 2828 et
2046 2796 2095 2827 se
2126 2780 2250 2828 mul—

1228 2860 1436 2927 tiplz’ent.
1487 2860 1590 2921 Or,
1624 2861 1687 2909 tel
1720 2870 1787 2909 est
1829 2861 1870 2908 Ie
1906 2862 2077 2910 Fratre
2102 2879 2116 2924 3
2145 2862 2252 2910 c'est

1228 2959 1296 2990 un
1343 2942 1526 2990 homme
1558 2942 1730 3008 public
1766 2981 1778 3001 ‚
1840 2960 1901 2991 ou
1935 2943 2094 3008 plutdt
2140 2945 2252 2992 c'est

1226 3024 1442 3072 l’homme
1482 3024 1538 3072 de
1576 3033 1697 3073 tous,
1739 3024 1792 3071 Il
1826 3024 1928 3072 doit
1949 3027 2045 3072 eere
2070 3027 2182 3088 pret
2217 3025 2248 3072 ὰ

1227 3105 1357 3154 voler
1382 3107 1412 3152 ὰ
1444 3104 1622 3170 chaque
1653 3115 1857 3154 moment
1889 3108 1950 3153 oe
1975 3105 2021 3151 Ia
2052 3110 2165 3152 voioe
2190 3104 2248 3152 de

1227 3189 1501 3253 l’i‘nfortune
1529 3196 1573 3236 et
1599 3189 1654 3237 de
1689 3188 1736 3236 la
1762 3188 1968 3252 rele'qion
2007 3186 2242 3253 l’appeHe,

1227 3272 1351 3318 dans
1386 3271 1432 3318 la
1466 3271 1646 3318 cabane
1692 3271 1758 3318 du
1783 3286 2004 3336 pauvre,
2040 3269 2163 3316 dans
2204 3268 2245 3317 Ie

1219 3353 1383 3419 paleis
1421 3353 1503 3401 des
1522 3353 1703 3417 qrands
1723 3386 1740 3412 ,
1767 3351 1890 3398 dans
1922 3349 1962 3397 le
1995 3350 2161 3416 temple
2178 3351 2246 3398 du

1227 3433 1484 3499 Seiqneur.
1528 3433 1577 3482 Il
1606 3442 1671 3481 eat
1702 3431 1998 3497 responsable
2022 3469 2037 3488 ‚
2072 3432 2247 3480 devant

1228 3513 1355 3566 Dieu
1400 3525 1446 3565 et
1487 3516 1659 3563 devant
1708 3513 1773 3560 lea
1821 3513 2027 3562 hommes
2044 3550 2060 3575 ‚
2102 3513 2243 3561 d'une

1230 3597 1371 3648 heure
1394 3633 1409 3663 ,
1436 3597 1553 3644 d'un
1580 3603 1805 3648 moment.

1869 3754 1961 3810 12.
