2612 4146
362 151 441 211 86
838 170 842 172 ’
1069 173 1390 212 'rme-urus
1429 175 1500 212 nn
1542 175 1771 214 omnim.

359 318 687 377 canoribus
719 322 790 376 in
833 316 1173 376 Sacerdotio
1215 325 1563 395 potestatem
1615 321 1910 379 traditam
1942 324 2359 394 consecrandi,
2407 327 2491 404 ofi

353 413 601 492 ferendi
647 423 702 471 et
733 411 1141 470 ministrandi
1186 411 1417 492 Corpus
1464 422 1522 471 ct
1567 414 1943 495 Sanquinem
1971 421 2126 496 cjm,
2168 439 2394 478 necnon
2436 430 2493 479 et

357 519 602 588 peccata
642 507 997 565 dimittendi
1025 517 1083 565 et
1120 508 1462 578 retinendi,
1505 510 1709 568 Sacrae
1751 511 1989 575 Litterae
2032 514 2384 585 ostendunt,
2437 526 2494 574 et

360 605 661 662 catholicoe
676 602 964 662 Ecclesiae
984 603 1234 662 traditio
1258 624 1494 683 sempor
1512 605 1734 664 docuit.
1755 604 1927 668 Unde
1943 609 2023 668 sic
2039 608 2485 670 ratiocinamur:

363 698 623 757 Christus
652 698 911 757 instituit
946 719 1157 760 verum
1192 711 1252 760 et
1276 700 1512 782 proprie
1548 700 1773 761 dictum
1803 703 2234 780 Sacerdotium,
2266 704 2492 766 visibile

360 814 578 875 nempe
607 804 787 876 atque
808 805 1120 854 externum
1137 841 1152 871 ‚
1169 795 1219 855 si
1242 816 1451 858 verum
1474 807 1532 855 et
1551 799 1788 881 proprie
1812 796 2032 858 dictum
2050 801 2304 860 instituit
2318 802 2495 861 Sacri-

349 889 577 965 ficium.
623 890 803 972 Atqui
835 889 1132 966 Christus,
1165 902 1233 951 ut
1265 903 1492 951 constat
1527 914 1596 952 ex
1624 894 1691 952 iis
1720 893 1996 954 omnibus
2016 939 2032 969 ,
2075 916 2207 978 quae
2235 918 2339 956 suo
2364 896 2491 956 loco

360 983 773 1061 disseruimuS‚
817 986 1075 1046 instituit
1108 987 1532 1048 Eucharistiam
1573 998 1859 1073 tanquam
1907 1011 2116 1052 verum
2159 1003 2220 1051 et
2260 993 2499 1075 proprie

360 1079 586 1141 dictum
612 1082 971 1142 Sacrificium
997 1083 1112 1164 (l)
1150 1084 1321 1163 Ergo,

440 1178 543 1236 29.
595 1179 778 1256 Major
816 1200 993 1261 porro
1031 1178 1318 1261 propositi
1357 1181 1690 1260 argumenti
1725 1181 2046 1263 propositio
2089 1181 2255 1243 facile
2297 1195 2499 1244 osten-

360 1272 524 1332 ditur
553 1295 623 1333 ex
659 1274 870 1333 intima
907 1295 973 1333 ac
1017 1276 1340 1335 necessaria
1380 1276 1745 1338 connexione
1777 1298 1842 1336 ac
1877 1276 2196 1354 relatione,
2236 1300 2363 1361 quae
2402 1280 2500 1339 in-

359 1368 605 1429 tercedit
650 1370 808 1430 inter
847 1370 1253 1431 Sacerdotium
1295 1381 1358 1432 et
1408 1373 1798 1446 Sacrificium,
1852 1392 1981 1455 quae
2024 1384 2188 1433 tanta
2248 1386 2374 1450 est,
2430 1385 2498 1436 ut

364 1464 618 1526 alterum
633 1467 759 1526 sine
774 1466 960 1528 altero
975 1489 1283 1550 nunquam
1296 1469 1594 1543 extiterit3
1622 1468 1784 1528 unde
1806 1468 2113 1551 Apostolus
2131 1469 2315 1531 Hebr.
2345 1472 2408 1548 V,
2435 1472 2493 1546 l,

358 1563 633 1645 principii
671 1561 800 1623 loco
839 1564 1012 1646 ponit
1044 1587 1056 1622 :
1108 1565 1325 1624 Omnis
1360 1567 1649 1644 Pontifeoe
1674 1587 1745 1625 ea·
1772 1566 2124 1625 hominibus
2157 1578 2499 1647 assumptus

348 1680 469 1737 pro
519 1660 870 1718 hominibus
908 1665 1303 1720 constituitur
1347 1666 1418 1720 in
1463 1665 1581 1734 iis,
1633 1683 1768 1741 quoe
1818 1672 1965 1722 sunt
2011 1663 2099 1721 ad
2150 1667 2375 1731 Deum,
2429 1671 2502 1721 ut

359 1754 567 1833 offerat
611 1756 771 1814 dona
818 1766 876 1814 et
927 1757 1248 1834 Sacmflcz‘a
1289 1778 1411 1837 pro
1456 1761 1722 1837 peccati-5
1770 1758 1840 1818 Et
1887 1779 2027 1817 sane
2068 1758 2156 1816 sui
2217 1768 2385 1817 erant
2433 1758 2496 1818 in

360 1847 486 1930 lege
517 1860 744 1910 naturae
765 1850 1101 1911 Sacerdotes
1122 1897 1138 1926 ‚
1174 1844 1535 1911 familiarum
1563 1874 1781 1935 nempe
1813 1853 2106 1935 principes
2138 1864 2198 1913 et
2218 1852 2323 1912 filii
2353 1865 2498 1914 natu

360 1949 647 2024 majoreS‚
687 1947 790 2027 qui
824 1947 1110 2007 Sacrificia
1136 1947 1435 2023 facerent3
1472 1950 1534 2007 in
1570 1948 1695 2030 lege
1735 1949 1914 2010 etiam
1957 1951 2171 2031 Moysis
2199 1950 2497 2010 Sacrificiis

361 2041 676 2101 offerendis
732 2041 1157 2103 sacerdotalem
1205 2044 1491 2105 Ordinem
1545 2044 1874 2127 designavit
1919 2046 2171 2130 ipsemet
2219 2048 2374 2107 Deus
2426 2068 2498 2108 ex

360 2137 578 2197 familia
607 2140 835 2212 Aaront,
876 2161 1012 2219 ergo
1050 2161 1185 2199 cum
1212 2141 1476 2201 Christus
1500 2143 1564 2200 in
1589 2144 1752 2202 Nova
1775 2143 1926 2223 Lege
1963 2143 2380 2203 Eucharistiam
2407 2143 2496 2202 in-

360 2234 614 2292 stituerit
650 2245 935 2315 tanquam
973 2256 1181 2295 verum
1224 2257 1290 2295 ac
1333 2238 1570 2318 proprie
1607 2237 1831 2297 dictum
1868 2239 2221 2297 Sacrificium
2245 2283 2261 2313 .,
2292 2260 2498 2299 conse·

364 2350 550 2410 quens
587 2340 673 2388 est
705 2350 914 2397 verum
950 2331 1171 2412 pariter
1201 2353 1266 2390 ac
1306 2334 1542 2416 proprie
1582 2333 1808 2394 dictum
1835 2333 2237 2395 Sacerdotium
2269 2334 2344 2394 ab
2371 2336 2497 2418 ipso

361 2425 536 2485 fuisse
561 2426 921 2486 institutum.

446 2521 545 2582 30.
592 2525 663 2583 ΙΙ.
698 2523 863 2583 lstud
887 2546 1064 2606 porro
1091 2546 1298 2585 verum
1327 2547 1391 2585 ac
1414 2527 1721 2609 proprium
1752 2526 2159 2588 Sacerdotium
2182 2537 2497 2588 externum

363 2629 540 2700 atque
577 2618 802 2680 visibile
849 2641 972 2679 non
1019 2643 1143 2682 esse
1181 2621 1456 2682 omnibus
1497 2622 1768 2683 fidelibus
1816 2645 2170 2698 commune,
2220 2645 2383 2684 secus
2430 2644 2497 2682 ac

364 2735 498 2773 cum
539 2715 655 2772 suis
715 2715 1006 2775 Lutherus
1062 2717 1469 2793 contenderit,
1527 2718 1631 2778 sed
1681 2719 2096 2801 Apostolorum
2147 2720 2489 2801 proprium,

361 2833 393 2870 a
414 2810 647 2870 Christo
669 2811 842 2871 fuisse
859 2812 1195 2872 institutum
1210 2858 1226 2886 ,
1243 2836 1377 2895 quae
1398 2826 1486 2875 est
1501 2814 1682 2874 altera
1703 2814 2116 2896 propositionis
2136 2834 2493 2896 par3‚quam

362 2906 608 2989 purimis
635 2906 956 2966 canonibus
976 2908 1223 2969 sancivit
1237 2909 1580 2969 Tridentina
1600 2908 1865 2990 Synodus
1880 2909 1972 2991 (2)
1988 2954 2005 2984 ,
2029 2907 2491 2969 luculentissime

360 3024 434 3063 ex
459 3001 552 3062 his
574 3023 702 3084 quae
722 3015 1048 3085 sequuntur
1073 3004 1421 3065 ostenditur.

445 3098 546 3159 31.
592 3100 700 3158 Eos
722 3100 883 3159 enim
906 3111 1141 3159 tantum
1166 3101 1506 3161 Sacerdotes
1536 3100 1798 3160 Christus
1824 3099 2077 3159 instituit
2093 3146 2109 3173 ,
2139 3099 2215 3160 ad
2244 3122 2390 3183 quos
2415 3122 2483 3160 ea

363 3193 542 3254 verba
571 3196 911 3275 pertinent:
942 3197 1073 3256 Hoc
1102 3200 1288 3276 facite
1322 3201 1393 3256 in
1422 3219 1618 3257 meam
1645 3201 2280 3258 commemorationem.
2313 3198 2490 3279 Atqui

361 3288 487 3350 haec
539 3290 614 3350 ad
667 3291 817 3351 solos
851 3304 1170 3374 praesentes
1222 3293 1542 3353 certissime
1587 3294 1918 3375 pertinent,
1960 3316 2179 3376 nempe
2218 3292 2293 3353 ad
2330 3296 2488 3376 Apo-

358 3384 536 3445 stolos
556 3431 572 3462 ‚
617 3410 761 3470 quos
790 3388 1190 3449 Eucharisticae
1233 3409 1451 3450 mensae
1490 3388 1673 3451 voluit
1702 3410 1824 3450 esse
1856 3390 2166 3472 participes
2189 3435 2205 3465 ,
2237 3400 2303 3449 ut
2326 3390 2484 3449 Mat-

429 3605 497 3669 (l)
531 3603 592 3654 In
609 3605 763 3658 Tract.
793 3609 851 3656 de
883 3609 1169 3660 Eucharise.
1198 3628 1250 3659 n.
1285 3606 1387 3673 244
1540 3609 1605 3672 (2)
1643 3608 1763 3659 Can.
1791 3625 1807 3657 1
1843 3619 1885 3659 et
1911 3627 2015 3660 can.
2049 3627 2103 3658 111
2122 3627 2229 3659 8688.
2255 3608 2405 3671 xxni3
2441 3617 2487 3656 et

359 3696 403 3735 Β*
429 3703 562 3754 ⁸⁸q‘l·
1468 3709 1574 3742 can.
1607 3708 1671 3754 11,
1704 3709 1813 3742 sess.
1834 3708 1964 3756 xxn;
1995 3708 2103 3742 can.
2127 3708 2204 3750 ιν,
2233 3707 2347 3741 sess.
2380 3706 2483 3739 xiv.
