2508 4120
300 144 415 204 164
1022 162 1351 200 raAcrA'rus
1395 164 1463 199 DE
1507 163 1728 202 camna.

282 296 967 392 professionemstabere
1007 326 1141 363 suos
1175 308 1371 384 fictos,
1403 317 1464 365 et
1510 307 1890 367 continentiae
1933 307 2121 387 legem
2160 331 2444 369 nonnun-

297 429 478 489 quam
517 401 790 481 infringi,
811 422 953 460 -cum
988 400 1260 461 homines
1284 423 1410 461 esse
1429 423 1552 459 non
1574 401 1843 462 desinant
1868 403 2133 463 Ecclesiae
2161 407 2448 480 ministri;

298 522 576 581 negamus
614 511 817 557 tamen
850 498 914 556 in
953 497 1160 577 primis
1182 543 1198 569 ,
1231 509 1321 556 tot
1344 509 1627 579 tantaque
1659 500 1917 559 extitisse
1945 499 2214 558 scandala
2242 546 2258 575 ,
2301 514 2447 583 quot

303 596 671 678 amplificant
709 606 1023 655 novatores
1067 616 1132 652 ac
1162 593 1423 653 libertini
1461 593 1701 675 passim.
1749 596 1823 654 Hi
1865 590 2027 654 enim
2064 618 2268 655 omnes
2299 598 2447 676 Vigi-

294 693 549 751 lantium
585 702 644 750 et
676 690 1060 750 Jovinianum
1092 691 1441 765 imitantur,
1487 690 1586 770 qui
1608 735 1623 764 7
1662 700 1810 749 teste
1854 692 2248 772 Hieronme
2287 695 2452 752 nulli

293 790 496 847 ooeliha·
513 788 839 846 credebant
853 788 1234 866 pudicitiam
1269 787 1358 866 (1)
1380 832 1394 860 ,
1436 797 1794 867 cunctosque
1819 784 1929 844 sibi
1962 809 2130 868 pares
2154 787 2447 847 arbitran-

296 897 414 943 tur.
451 882 622 957 Quod
656 884 701 941 si
735 883 1017 942 anteactis
1059 881 1457 963 temporibu5‚
1496 881 1690 940 medio
1731 885 2057 963 praesertim
2089 905 2246 958 aevo7
2282 889 2449 961 ejus-

297 980 459 1039 modi
492 979 883 1060 multiplicata
917 978 1191 1037 scandala
1219 990 1358 1037 sunt
1379 1025 1394 1052 ,
1436 990 1630 1037 totum
1653 978 1714 1036 id
1737 989 2042 1058 acceptum
2070 979 2446 1040 referendum

297 1089 386 1136 est
412 1075 820 1135 constitutioni
844 1073 1093 1157 politicae
1118 1074 1273 1132 illius
1291 1076 1474 1133 aetatis
1491 1120 1505 1148 ‚
1530 1097 1644 1156 qua
1668 1073 1869 1148 fiebat,
1899 1086 1964 1133 ut
1991 1076 2166 1133 statui
2190 1075 2441 1134 clericali

298 1173 821 1254 manciparentur„
869 1170 972 1251 qui
1018 1169 1245 1228 nullam
1300 1171 1376 1229 ad
1421 1192 1558 1230 eum
1598 1171 1966 1231 vocationem
2017 1192 2140 1253 prae
2184 1193 2245 1230 se
2296 1170 2449 1230 fere-

294 1269 442 1327 bant
461 1269 573 1347 (2),
605 1267 849 1348 aliisque
873 1268 1057 1325 causis
1090 1266 1453 1341 extrinsecis,
1480 1289 1623 1348 quas
1652 1266 1898 1348 longum
1928 1279 2078 1326 esset
2105 1265 2447 1347 singillatim

295 1386 619 1425 recensere.
645 1364 926 1422 Ceterum
949 1363 1132 1421 fassus
1150 1375 1238 1422 est
1261 1363 1386 1444 ipse
1407 1363 1737 1438 Voltairius7
1756 1364 1964 1445 quovis
1983 1376 2250 1446 tempore
2275 1363 2447 1422 laicos

294 1461 564 1521 homines
611 1459 930 1519 deteriores
977 1459 1372 1519 ecclesiasticis
1412 1459 1588 1519 fuisse
1615 1459 1723 1539 (3).
1773 1462 2108 1519 Inficiamur
2134 1460 2390 1541 denique
2427 1507 2443 1533 .‚

297 1579 367 1616 ex
417 1556 771 1636 negligentia
810 1555 949 1633 legis
981 1567 1140 1614 recte
1179 1554 1383 1614 contra
1421 1555 1610 1634 legem
1654 1556 1926 1616 concludi
1961 1578 2149 1638 posse.
2202 1556 2449 1616 Ecclesia

297 1655 455 1713 enim
494 1654 557 1710 in
603 1656 725 1730 ejus
764 1650 1111 1711 infractores
1158 1673 1391 1732 semper
1427 1651 1783 1726 insurrexit,
1826 1664 1885 1711 et
1932 1652 2146 1710 abusus
2195 1674 2263 1712 ac
2311 1653 2449 1711 vitia

298 1750 584 1828 corrigere
615 1769 679 1806 ac
717 1747 924 1807 tollere
956 1737 1086 1806 'nisa
1118 1758 1206 1806 est
1229 1747 1343 1826 (4).
1378 1748 1464 1805 An
1495 1748 1940 1807 matrimonium
1965 1747 2307 1829 improbant
2342 1747 2450 1807 ad—

300 1845 565 1919 versarii,
585 1844 719 1924 quia
739 1855 1004 1902 sanctam
1029 1844 1279 1922 conjugii
1299 1843 1480 1903 fidem
1495 1843 1667 1923 longe
1692 1844 1887 1926 plures
1903 1846 2156 1926 turpiter
2183 1843 2448 1904 violant?

383 1942 517 2002 180.
553 1941 641 2000 Ad
660 1942 745 1999 5m
766 1987 783 2017 7
809 1941 964 2021 Ney.
998 1943 1117 2000 Nec
1142 1941 1305 2000 enim
1333 1941 1563 2000 sublata
1586 1943 1963 2001 continentiae
1984 1942 2111 2022 lege
2138 1943 2313 2002 simul
2334 1942 2451 2001 tol-

299 2039 566 2098 lerentur
593 2042 715 2116 ejus
743 2038 974 2119 generis
1000 2036 1141 2097 vitia
1165 2049 1342 2118 atque
1370 2050 1625 2119 peccata.
1654 2039 1888 2097 Etenim
1916 2038 2075 2120 apud
2102 2061 2197 2099 eas
2223 2049 2448 2119 genteS,

263 2163 265 2165 >
297 2134 400 2193 ubi
431 2133 697 2194 Ecclesiae
723 2132 1021 2192 caelibatus
1047 2132 1396 2213 despicitur,
1426 2133 1507 2191 ibi
1535 2155 1601 2193 ea
1637 2135 1819 2214 magis
1844 2137 2131 2194 eveniunt
2150 2179 2166 2207 7
2195 2156 2447 2214 quorum

295 2229 718 2288 insimulantur
743 2228 1024 2287 Catholici
1045 2253 1061 2301 ς
1081 2228 1204 2286 illic
1248 2229 1409 2287 enim
1436 2251 1625 2288 mores
1642 2230 2062 2311 corruptissimi
2084 2275 2099 2304 ,
2126 2229 2448 2290 foedissima

296 2326 579 2386 vitiorum
614 2324 938 2399 colluvieS.,
980 2328 1259 2405 cujusque
1295 2324 1518 2383 ordinis
1541 2324 1854 2384 hominum
1886 2324 2185 2385 effraenata
2225 2325 2409 2384 libido
2429 2371 2445 2400 7

295 2420 656 2502 flagitiorum
680 2442 746 2479 ac
776 2420 1061 2480 scelerum
1098 2441 1279 2500 genus
1317 2442 1493 2480 omne
1525 2422 1781 2481 maxime
1815 2433 2152 2480 occurrunt.
2189 2422 2339 2480 Satis
2362 2433 2450 2481 est

295 2517 490 2577 oculos
508 2518 791 2597 conjicere
809 2518 872 2575 in
890 2515 1430 2599 Angliamnaliasque
1450 2517 1734 2597 regioneS‚
1753 2518 1816 2576 in
1833 2516 2448 2598 quibusReformatiO,

360 2764 438 2832 (1)
477 2767 594 2814 Lib.
621 2765 810 2818 advers,
846 2759 899 2812 V
900 2764 1095 2828 iqilant.
1122 2783 1176 2814 n.
1216 2782 1264 2813 2.

365 2849 429 2911 (2)
468 2849 569 2897 Cfr.
601 2847 817 2896 Michelet
839 2885 853 2907 ,
889 2864 968 2911 op.
1007 2849 1089 2895 cit.
1131 2857 1246 2895 tom.
1280 2864 1328 2908 ι,

301 2950 407 2997 pag.
442 2929 540 2997 437
567 2940 611 2978 et
630 2947 764 2994 seqq.

370 3013 439 3077 (3)
480 3012 557 3060 La
573 3013 650 3059 vie
679 3010 1148 3069 socialierffiscribit,
1176 3019 1329 3058 atou-

281 3100 433 3160 jours
476 3101 543 3144 ete
572 3094 688 3162 plus
728 3096 938 3142 vicieuse
966 3112 1055 3159 que
1097 3093 1207 3142 celle
1240 3095 1324 3142 des

291 3183 481 3247 pretres
496 3198 514 3241 ,-
549 3181 676 3226 mais
702 3177 766 3225 les
783 3177 1027 3225 desordres
1050 3178 1107 3225 de
1135 3179 1331 3227 ceux-ci

295 3273 379 3311 ont
409 3265 625 3328 toijours
648 3266 716 3308 ele
732 3260 847 3326 plus
862 3261 1217 3324 remarquables
1227 3279 1327 3327 par

294 3345 402 3392 leur
440 3353 674 3394 contr-aste
729 3361 841 3391 aveo
899 3343 946 3390 la
997 3343 1135 3406 reqle.
1190 3344 1328 3409 Apud

297 3427 431 3475 Com.
458 3428 515 3475 de
541 3427 730 3476 Maistre
755 3463 769 3485 ‚
802 3424 895 3474 Du
922 3425 1069 3491 Pape
1091 3462 1103 3485 ,
1123 3426 1206 3474 liv.
1238 3442 1290 3472 ιιι
1311 3463 1323 3485 ,

294 3511 369 3558 ch.
401 3509 452 3558 3.

366 3591 435 3656 (Io)
476 3591 591 3640 Vere
617 3595 796 3657 scripsit
814 3603 972 3642 auctor
997 3602 1086 3641 art.
1118 3594 1198 3640 cit.
1236 3590 1328 3639 Du

297 3674 473 3722 celibat
504 3673 585 3721 des
625 3677 806 3739 pretres
859 3694 871 3723 ε
929 3675 1000 3723 Le
1047 3674 1195 3739 clerqe
1235 3673 1329 3721 lui-

1423 2769 1573 2815 meme
1603 2768 1876 2832 e'empresse
1905 2768 2120 2832 toiqjours
2137 2766 2193 2813 de
2204 2766 2334 2830 faire
2337 2768 2450 2833 jus-

1421 2851 1514 2896 tice
1552 2850 1609 2897 de
1658 2865 1730 2896 ses
1761 2848 1994 2896 membres
2041 2864 2319 2914 oorrompus
2339 2885 2355 2911 ,
2405 2859 2448 2897 et

1407 2929 1490 2989 ¹les
1517 2934 1677 2997 rejette
1702 2930 1803 2978 loin
1831 2930 1888 2977 de
1916 2946 2004 2977 son
2030 2932 2156 2979 sein.
2193 2931 2289 2979 Les
2313 2942 2447 2980 auto-

1419 3015 1537 3061 ra‘tes
1582 3012 1962 3078 eoole'sz'astiques
2020 3015 2230 3062 seraient
2283 3032 2449 3064 encore

1410 3095 1528 3162 plus
1546 3097 1729 3143 severe-3
1750 3134 1763 3156 ‚
1806 3098 1853 3144 si
1876 3095 1982 3143 elles
2014 3098 2221 3144 avaient
2243 3097 2360 3163 plus
2389 3098 2448 3147 de

1411 3180 1624 3243 pouvoir
1653 3196 1740 3226 sur
1774 3178 1901 3227 leurs
1937 3179 2186 3228 membres.
2234 3180 2449 3230 Fam-il

1411 3279 1544 3327 pour
1573 3261 1794 3327 quelques
1832 3263 2009 3310 crimes
2054 3263 2213 3311 abolir
2250 3281 2348 3312 une
2377 3264 2447 3311 in-

1415 3347 1650 3392 stitution
1671 3347 1759 3410 qui
1770 3345 1873 3410 fait
1894 3345 1975 3391 des
1993 3345 2186 3394 Saints?
2201 3346 2302 3395 Cfr.
2331 3347 2367 3393 F
2369 3346 2436 3394 el-

1418 3426 1487 3476 ler
1508 3464 1521 3485 ,
1555 3427 1853 3477 Cateckisme
1876 3427 2240 3495 philosophique
2261 3466 2275 3489 ‚
2302 3429 2435 3476 artic.

1419 3509 1623 3571 Comme,
1648 3531 1700 3565 n.
1725 3510 1823 3561 525
1846 3548 1859 3573 ,
1885 3512 1964 3560 ubi
1981 3513 2218 3578 praeclaras
2237 3522 2281 3559 et
2304 3527 2440 3559 accu-

1412 3603 1532 3643 ratas
1565 3597 1773 3661 invenies
1805 3595 2162 3646 observationem
