<?xml version="1.0" encoding="UTF-8"?>
<!DOCTYPE html PUBLIC "-//W3C//DTD XHTML 1.0 Transitional//EN"
    "http://www.w3.org/TR/xhtml1/DTD/xhtml1-transitional.dtd">
<html xmlns="http://www.w3.org/1999/xhtml" xml:lang="en" lang="en">
 <head>
  <title>
</title>
<meta http-equiv="Content-Type" content="text/html;charset=utf-8" />
  <meta name='ocr-system' content='tesseract 3.04.00' />
  <meta name='ocr-capabilities' content='ocr_page ocr_carea ocr_par ocr_line ocrx_word'/>
</head>
<body>
  <div class='ocr_page' id='page_1' title='image "a603693807perruoft_0262.png"; bbox 0 0 2508 4120; ppageno 0'>
   <div class='ocr_carea' id='block_1_1' title="bbox 287 102 1779 164">
    <p class='ocr_par' dir='ltr' id='par_1_1' title="bbox 287 102 1779 164">
     <span class='ocr_line' id='line_1_1' title="bbox 287 102 1779 164; baseline 0.007 -11"><span class='ocrx_word' id='word_1_1' title='bbox 287 102 409 163; x_wconf 80' lang='grc'><strong>254</strong></span> <span class='ocrx_word' id='word_1_2' title='bbox 925 119 1247 160; x_wconf 71' lang='lat' dir='ltr'><strong>TnAc‘rAws</strong></span> <span class='ocrx_word' id='word_1_3' title='bbox 1291 125 1361 160; x_wconf 72' lang='lat' dir='ltr'><strong>nn</strong></span> <span class='ocrx_word' id='word_1_4' title='bbox 1405 123 1779 164; x_wconf 65' lang='lat' dir='ltr'><strong>mur-mono.</strong></span> 
     </span>
    </p>
   </div>
   <div class='ocr_carea' id='block_1_2' title="bbox 284 261 2422 3415">
    <p class='ocr_par' dir='ltr' id='par_1_2' title="bbox 284 261 2422 1207">
     <span class='ocr_line' id='line_1_2' title="bbox 288 261 2406 346; baseline 0.003 -19"><span class='ocrx_word' id='word_1_5' title='bbox 288 269 351 327; x_wconf 90' lang='lat' dir='ltr'><strong>in</strong></span> <span class='ocrx_word' id='word_1_6' title='bbox 388 266 511 326; x_wconf 88' lang='lat' dir='ltr'><strong>aliis</strong></span> <span class='ocrx_word' id='word_1_7' title='bbox 540 262 733 346; x_wconf 88' lang='lat' dir='ltr'><strong>quoad</strong></span> <span class='ocrx_word' id='word_1_8' title='bbox 766 261 1091 320; x_wconf 88' lang='lat' dir='ltr'><strong>vinculum.</strong></span> <span class='ocrx_word' id='word_1_9' title='bbox 1130 264 1265 322; x_wconf 91' lang='lat' dir='ltr'><strong>Jam</strong></span> <span class='ocrx_word' id='word_1_10' title='bbox 1303 285 1441 323; x_wconf 83' lang='lat' dir='ltr'><strong>vero</strong></span> <span class='ocrx_word' id='word_1_11' title='bbox 1478 263 1587 323; x_wconf 90' lang='lat' dir='ltr'><strong>hoc</strong></span> <span class='ocrx_word' id='word_1_12' title='bbox 1624 265 1834 324; x_wconf 91' lang='lat' dir='ltr'><strong>falsum</strong></span> <span class='ocrx_word' id='word_1_13' title='bbox 1870 282 2063 338; x_wconf 75' lang='lat' dir='ltr'><strong>esset,</strong></span> <span class='ocrx_word' id='word_1_14' title='bbox 2108 276 2153 333; x_wconf 82' lang='lat' dir='ltr'><strong>si</strong></span> <span class='ocrx_word' id='word_1_15' title='bbox 2190 275 2406 333; x_wconf 87' lang='lat' dir='ltr'><strong>admit-</strong></span> 
     </span>
     <span class='ocr_line' id='line_1_3' title="bbox 289 356 2408 444; baseline 0.004 -22"><span class='ocrx_word' id='word_1_16' title='bbox 289 373 515 422; x_wconf 85' lang='lat' dir='ltr'><strong>teretur</strong></span> <span class='ocrx_word' id='word_1_17' title='bbox 533 403 548 431; x_wconf 70' lang='lat'>,</span> <span class='ocrx_word' id='word_1_18' title='bbox 571 357 953 437; x_wconf 82' lang='lat' dir='ltr'><strong>Augustinum</strong></span> <span class='ocrx_word' id='word_1_19' title='bbox 986 356 1281 434; x_wconf 80' lang='lat' dir='ltr'><strong>docuisse,</strong></span> <span class='ocrx_word' id='word_1_20' title='bbox 1317 358 1594 441; x_wconf 59' lang='lat' dir='ltr'><strong>quaelibet</strong></span> <span class='ocrx_word' id='word_1_21' title='bbox 1619 363 1885 444; x_wconf 86' lang='lat' dir='ltr'><strong>conjugia</strong></span> <span class='ocrx_word' id='word_1_22' title='bbox 1910 363 2085 424; x_wconf 87' lang='lat' dir='ltr'><strong>etiam</strong></span> <span class='ocrx_word' id='word_1_23' title='bbox 2110 366 2172 425; x_wconf 89' lang='lat' dir='ltr'><strong>in</strong></span> <span class='ocrx_word' id='word_1_24' title='bbox 2198 370 2408 430; x_wconf 90' lang='lat' dir='ltr'><strong>infide-</strong></span> 
     </span>
     <span class='ocr_line' id='line_1_4' title="bbox 285 454 2402 540; baseline 0.005 -25"><span class='ocrx_word' id='word_1_25' title='bbox 285 458 446 515; x_wconf 82' lang='lat' dir='ltr'>litate</span> <span class='ocrx_word' id='word_1_26' title='bbox 469 464 760 512; x_wconf 83' lang='lat' dir='ltr'><strong>contracta</strong></span> <span class='ocrx_word' id='word_1_27' title='bbox 791 454 1025 511; x_wconf 89' lang='lat' dir='ltr'><strong>nonnisi</strong></span> <span class='ocrx_word' id='word_1_28' title='bbox 1059 465 1243 514; x_wconf 88' lang='lat' dir='ltr'><strong>morte</strong></span> <span class='ocrx_word' id='word_1_29' title='bbox 1272 455 1522 518; x_wconf 88' lang='lat' dir='ltr'><strong>dissolvi.</strong></span> <span class='ocrx_word' id='word_1_30' title='bbox 1550 481 1565 529; x_wconf 75' lang='lat'><em>3</em></span> <span class='ocrx_word' id='word_1_31' title='bbox 1599 456 1665 514; x_wconf 84' lang='lat'><strong>30</strong></span> <span class='ocrx_word' id='word_1_32' title='bbox 1698 458 1944 539; x_wconf 84' lang='lat' dir='ltr'>proinde</span> <span class='ocrx_word' id='word_1_33' title='bbox 1960 460 2361 524; x_wconf 82' lang='lat' dir='ltr'><strong>concludimus</strong></span> <span class='ocrx_word' id='word_1_34' title='bbox 2385 512 2402 540; x_wconf 83' lang='lat'><strong>.,</strong></span> 
     </span>
     <span class='ocr_line' id='line_1_5' title="bbox 289 548 2409 635; baseline 0.005 -26"><span class='ocrx_word' id='word_1_35' title='bbox 289 555 411 629; x_wconf 88' lang='lat' dir='ltr'><strong>ejus</strong></span> <span class='ocrx_word' id='word_1_36' title='bbox 453 548 741 629; x_wconf 81' lang='lat' dir='ltr'><strong>generalia</strong></span> <span class='ocrx_word' id='word_1_37' title='bbox 786 550 1073 630; x_wconf 84' lang='lat' dir='ltr'><strong>principia</strong></span> <span class='ocrx_word' id='word_1_38' title='bbox 1119 550 1193 608; x_wconf 86' lang='lat' dir='ltr'><strong>ad</strong></span> <span class='ocrx_word' id='word_1_39' title='bbox 1239 551 1346 609; x_wconf 89' lang='lat' dir='ltr'><strong>alia</strong></span> <span class='ocrx_word' id='word_1_40' title='bbox 1385 573 1513 610; x_wconf 87' lang='lat' dir='ltr'><strong>non</strong></span> <span class='ocrx_word' id='word_1_41' title='bbox 1558 553 1753 610; x_wconf 91' lang='lat' dir='ltr'><strong>minus</strong></span> <span class='ocrx_word' id='word_1_42' title='bbox 1800 566 1954 613; x_wconf 82' lang='lat' dir='ltr'><strong>certa</strong></span> <span class='ocrx_word' id='word_1_43' title='bbox 2005 576 2069 613; x_wconf 89' lang='lat' dir='ltr'><strong>ac</strong></span> <span class='ocrx_word' id='word_1_44' title='bbox 2123 560 2409 635; x_wconf 80' lang='lat' dir='ltr'><strong>generalia</strong></span> 
     </span>
     <span class='ocr_line' id='line_1_6' title="bbox 286 645 2403 727; baseline 0.004 -20"><span class='ocrx_word' id='word_1_45' title='bbox 286 645 547 725; x_wconf 90' lang='lat' dir='ltr'><strong>ejusdem</strong></span> <span class='ocrx_word' id='word_1_46' title='bbox 587 646 646 704; x_wconf 88' lang='lat' dir='ltr'><strong>S.</strong></span> <span class='ocrx_word' id='word_1_47' title='bbox 673 646 857 703; x_wconf 86' lang='lat' dir='ltr'><strong>Patris</strong></span> <span class='ocrx_word' id='word_1_48' title='bbox 893 647 1178 727; x_wconf 88' lang='lat' dir='ltr'><strong>principia</strong></span> <span class='ocrx_word' id='word_1_49' title='bbox 1212 669 1335 706; x_wconf 90' lang='lat' dir='ltr'><strong>esse</strong></span> <span class='ocrx_word' id='word_1_50' title='bbox 1369 648 1646 727; x_wconf 83' lang='lat' dir='ltr'><strong>exigenda</strong></span> <span class='ocrx_word' id='word_1_51' title='bbox 1670 694 1684 720; x_wconf 62' lang='lat' dir='ltr'>a</span> <span class='ocrx_word' id='word_1_52' title='bbox 1726 651 2050 727; x_wconf 87' lang='lat' dir='ltr'><strong>cujusmodi</strong></span> <span class='ocrx_word' id='word_1_53' title='bbox 2087 652 2237 712; x_wconf 87' lang='lat' dir='ltr'><strong>illud</strong></span> <span class='ocrx_word' id='word_1_54' title='bbox 2265 666 2352 713; x_wconf 88' lang='lat' dir='ltr'><strong>est</strong></span> <span class='ocrx_word' id='word_1_55' title='bbox 2388 677 2403 714; x_wconf 86' lang='lat'>:</span> 
     </span>
     <span class='ocr_line' id='line_1_7' title="bbox 296 742 2419 822; baseline 0.004 -23"><span class='ocrx_word' id='word_1_56' title='bbox 296 742 471 822; x_wconf 77' lang='lat' dir='ltr'><strong>Quod</strong></span> <span class='ocrx_word' id='word_1_57' title='bbox 508 744 792 799; x_wconf 76' lang='lat' dir='ltr'><strong>universa</strong></span> <span class='ocrx_word' id='word_1_58' title='bbox 838 753 991 800; x_wconf 72' lang='lat' dir='ltr'><strong>tenet</strong></span> <span class='ocrx_word' id='word_1_59' title='bbox 1033 743 1303 802; x_wconf 73' lang='lat' dir='ltr'><strong>Ecclesia</strong></span> <span class='ocrx_word' id='word_1_60' title='bbox 1330 791 1345 813; x_wconf 92' lang='lat'><em>,</em></span> <span class='ocrx_word' id='word_1_61' title='bbox 1398 766 1505 802; x_wconf 70' lang='lat' dir='ltr'><strong>nec</strong></span> <span class='ocrx_word' id='word_1_62' title='bbox 1552 747 1832 803; x_wconf 78' lang='lat' dir='ltr'><strong>Concz&#39;liz&#39;s</strong></span> <span class='ocrx_word' id='word_1_63' title='bbox 1883 751 2226 806; x_wconf 72' lang='lat' dir='ltr'><strong>institutum</strong></span> <span class='ocrx_word' id='word_1_64' title='bbox 2245 792 2266 820; x_wconf 84' lang='lat'><em>‚</em></span> <span class='ocrx_word' id='word_1_65' title='bbox 2314 751 2419 808; x_wconf 73' lang='lat' dir='ltr'><strong>sed</strong></span> 
     </span>
     <span class='ocr_line' id='line_1_8' title="bbox 288 844 2414 921; baseline 0.005 -26"><span class='ocrx_word' id='word_1_66' title='bbox 288 858 520 917; x_wconf 77' lang='lat' dir='ltr'><strong><em>semper</em></strong></span> <span class='ocrx_word' id='word_1_67' title='bbox 554 847 847 895; x_wconf 76' lang='lat' dir='ltr'><strong>retentum</strong></span> <span class='ocrx_word' id='word_1_68' title='bbox 892 849 1007 909; x_wconf 76' lang='lat' dir='ltr'><strong>esc,</strong></span> <span class='ocrx_word' id='word_1_69' title='bbox 1059 844 1314 898; x_wconf 70' lang='lat' dir='ltr'><strong>‘nonnisi</strong></span> <span class='ocrx_word' id='word_1_70' title='bbox 1349 846 1700 899; x_wconf 77' lang='lat' dir='ltr'><strong>auctoritate</strong></span> <span class='ocrx_word' id='word_1_71' title='bbox 1748 844 2067 921; x_wconf 77' lang='lat' dir='ltr'><strong>apostolica</strong></span> <span class='ocrx_word' id='word_1_72' title='bbox 2114 847 2414 904; x_wconf 76' lang='lat' dir='ltr'><strong>traditum</strong></span> 
     </span>
     <span class='ocr_line' id='line_1_9' title="bbox 284 933 2422 1019; baseline 0.003 -27"><span class='ocrx_word' id='word_1_73' title='bbox 284 938 609 992; x_wconf 77' lang='lat' dir='ltr'><strong>rectissime</strong></span> <span class='ocrx_word' id='word_1_74' title='bbox 631 935 900 993; x_wconf 80' lang='lat' dir='ltr'><strong>creditur</strong></span> <span class='ocrx_word' id='word_1_75' title='bbox 923 935 1044 1015; x_wconf 77' lang='lat' dir='ltr'><strong>(l);</strong></span> <span class='ocrx_word' id='word_1_76' title='bbox 1074 946 1135 993; x_wconf 89' lang='lat' dir='ltr'><strong>et</strong></span> <span class='ocrx_word' id='word_1_77' title='bbox 1159 933 1349 993; x_wconf 89' lang='lat' dir='ltr'><strong>aliud:</strong></span> <span class='ocrx_word' id='word_1_78' title='bbox 1382 937 1553 1016; x_wconf 72' lang='lat' dir='ltr'><strong>Quod</strong></span> <span class='ocrx_word' id='word_1_79' title='bbox 1574 947 1689 995; x_wconf 77' lang='lat' dir='ltr'><strong>tota</strong></span> <span class='ocrx_word' id='word_1_80' title='bbox 1707 959 1825 1016; x_wconf 77' lang='lat' dir='ltr'><strong>per</strong></span> <span class='ocrx_word' id='word_1_81' title='bbox 1852 939 2048 997; x_wconf 74' lang='lat' dir='ltr'><strong>orbem</strong></span> <span class='ocrx_word' id='word_1_82' title='bbox 2075 943 2422 1019; x_wconf 43' lang='lat' dir='ltr'><strong>frequentat</strong></span> 
     </span>
     <span class='ocr_line' id='line_1_10' title="bbox 285 1031 2415 1112; baseline 0.002 -23"><span class='ocrx_word' id='word_1_83' title='bbox 285 1031 592 1102; x_wconf 78' lang='lat' dir='ltr'><strong>Ecclesia,</strong></span> <span class='ocrx_word' id='word_1_84' title='bbox 643 1033 798 1110; x_wconf 80' lang='lat' dir='ltr'><strong>quin</strong></span> <span class='ocrx_word' id='word_1_85' title='bbox 843 1035 932 1089; x_wconf 77' lang='lat' dir='ltr'><strong>ita</strong></span> <span class='ocrx_word' id='word_1_86' title='bbox 967 1031 1328 1109; x_wconf 73' lang='lat' dir='ltr'><strong>faciendum</strong></span> <span class='ocrx_word' id='word_1_87' title='bbox 1379 1039 1491 1106; x_wconf 66' lang='lat' dir='ltr'><strong>sic,</strong></span> <span class='ocrx_word' id='word_1_88' title='bbox 1544 1033 1892 1112; x_wconf 73' lang='lat' dir='ltr'><strong>disputare,</strong></span> <span class='ocrx_word' id='word_1_89' title='bbox 1933 1036 2415 1094; x_wconf 64' lang='lat' dir='ltr'><strong>insolentissimae</strong></span> 
     </span>
     <span class='ocr_line' id='line_1_11' title="bbox 286 1125 1520 1207; baseline 0.002 -24"><span class='ocrx_word' id='word_1_90' title='bbox 286 1130 549 1186; x_wconf 66' lang='lat' dir='ltr'><strong>insaniae</strong></span> <span class='ocrx_word' id='word_1_91' title='bbox 577 1138 658 1185; x_wconf 77' lang='lat' dir='ltr'><strong>est</strong></span> <span class='ocrx_word' id='word_1_92' title='bbox 689 1126 795 1207; x_wconf 76' lang='lat'>(2).</span> <span class='ocrx_word' id='word_1_93' title='bbox 831 1128 902 1184; x_wconf 82' lang='lat' dir='ltr'><strong>Et</strong></span> <span class='ocrx_word' id='word_1_94' title='bbox 932 1126 1051 1186; x_wconf 82' lang='lat' dir='ltr'><strong>haec</strong></span> <span class='ocrx_word' id='word_1_95' title='bbox 1077 1125 1149 1185; x_wconf 92' lang='lat' dir='ltr'><strong>de</strong></span> <span class='ocrx_word' id='word_1_96' title='bbox 1184 1128 1520 1206; x_wconf 73' lang='lat' dir='ltr'><strong>Augustino·</strong></span> 
     </span>
    </p>

    <p class='ocr_par' dir='ltr' id='par_1_3' title="bbox 284 1221 2418 1402">
     <span class='ocr_line' id='line_1_12' title="bbox 369 1221 2418 1306; baseline 0.001 -24"><span class='ocrx_word' id='word_1_97' title='bbox 369 1224 467 1282; x_wconf 83' lang='lat'><strong>99.</strong></span> <span class='ocrx_word' id='word_1_98' title='bbox 514 1221 602 1282; x_wconf 91' lang='lat' dir='ltr'><strong>Ad</strong></span> <span class='ocrx_word' id='word_1_99' title='bbox 627 1221 709 1280; x_wconf 84' lang='lat'><strong>3¹1¹</strong></span> <span class='ocrx_word' id='word_1_100' title='bbox 734 1268 749 1296; x_wconf 82' lang='grc'><strong>.,</strong></span> <span class='ocrx_word' id='word_1_101' title='bbox 786 1224 959 1305; x_wconf 85' lang='lat' dir='ltr'><strong>Resp.</strong></span> <span class='ocrx_word' id='word_1_102' title='bbox 1002 1223 1063 1279; x_wconf 85' lang='grc' dir='ltr'><strong>1ο</strong></span> <span class='ocrx_word' id='word_1_103' title='bbox 1091 1222 1255 1303; x_wconf 72' lang='lat' dir='ltr'><strong>Neyo</strong></span> <span class='ocrx_word' id='word_1_104' title='bbox 1285 1224 1652 1304; x_wconf 89' lang='lat' dir='ltr'><strong>suppositum</strong></span> <span class='ocrx_word' id='word_1_105' title='bbox 1671 1268 1687 1298; x_wconf 86' lang='lat'><strong>.,</strong></span> <span class='ocrx_word' id='word_1_106' title='bbox 1721 1223 1839 1283; x_wconf 89' lang='lat' dir='ltr'><strong>tale</strong></span> <span class='ocrx_word' id='word_1_107' title='bbox 1863 1246 2079 1306; x_wconf 86' lang='lat' dir='ltr'><strong>nempe</strong></span> <span class='ocrx_word' id='word_1_108' title='bbox 2109 1224 2279 1285; x_wconf 90' lang='lat' dir='ltr'><strong>fuisse</strong></span> <span class='ocrx_word' id='word_1_109' title='bbox 2306 1226 2418 1285; x_wconf 89' lang='lat' dir='ltr'><strong>Au·</strong></span> 
     </span>
     <span class='ocr_line' id='line_1_13' title="bbox 284 1318 2408 1402; baseline 0 -23"><span class='ocrx_word' id='word_1_110' title='bbox 284 1320 501 1400; x_wconf 78' lang='lat' dir='ltr'><strong>gustini</strong></span> <span class='ocrx_word' id='word_1_111' title='bbox 531 1318 819 1398; x_wconf 90' lang='lat' dir='ltr'><strong>judicium</strong></span> <span class='ocrx_word' id='word_1_112' title='bbox 841 1364 856 1392; x_wconf 69' lang='grc'><em>,</em></span> <span class='ocrx_word' id='word_1_113' title='bbox 904 1330 970 1377; x_wconf 89' lang='lat' dir='ltr'><strong>ut</strong></span> <span class='ocrx_word' id='word_1_114' title='bbox 1003 1340 1074 1378; x_wconf 83' lang='lat' dir='ltr'><strong>ex</strong></span> <span class='ocrx_word' id='word_1_115' title='bbox 1111 1318 1393 1378; x_wconf 86' lang='lat' dir='ltr'><strong>hactenus</strong></span> <span class='ocrx_word' id='word_1_116' title='bbox 1432 1318 1740 1402; x_wconf 88' lang='lat' dir='ltr'><strong>disputatis</strong></span> <span class='ocrx_word' id='word_1_117' title='bbox 1772 1320 2133 1401; x_wconf 82' lang='lat' dir='ltr'><strong>apertissime</strong></span> <span class='ocrx_word' id='word_1_118' title='bbox 2162 1331 2408 1380; x_wconf 86' lang='lat' dir='ltr'><strong>constat.</strong></span> 
     </span>
    </p>

    <p class='ocr_par' dir='ltr' id='par_1_4' title="bbox 286 1414 2414 3130">
     <span class='ocr_line' id='line_1_14' title="bbox 369 1414 2414 1498; baseline 0.001 -25"><span class='ocrx_word' id='word_1_119' title='bbox 369 1415 467 1474; x_wconf 87' lang='grc'><strong>99.</strong></span> <span class='ocrx_word' id='word_1_120' title='bbox 519 1417 692 1497; x_wconf 88' lang='lat' dir='ltr'><strong>Resp.</strong></span> <span class='ocrx_word' id='word_1_121' title='bbox 724 1416 792 1473; x_wconf 74' lang='lat'><strong>2⁰</strong></span> <span class='ocrx_word' id='word_1_122' title='bbox 829 1417 985 1474; x_wconf 75' lang='lat' dir='ltr'><strong>Disc.</strong></span> <span class='ocrx_word' id='word_1_123' title='bbox 1018 1416 1075 1474; x_wconf 89' lang='lat' dir='ltr'><strong>Si</strong></span> <span class='ocrx_word' id='word_1_124' title='bbox 1100 1414 1374 1495; x_wconf 82' lang='lat' dir='ltr'><strong>Theologi</strong></span> <span class='ocrx_word' id='word_1_125' title='bbox 1402 1426 1460 1473; x_wconf 91' lang='lat' dir='ltr'><strong>et</strong></span> <span class='ocrx_word' id='word_1_126' title='bbox 1488 1416 1816 1474; x_wconf 85' lang='lat' dir='ltr'><strong>Canonistae</strong></span> <span class='ocrx_word' id='word_1_127' title='bbox 1839 1462 1854 1490; x_wconf 74' lang='lat'><strong>.,</strong></span> <span class='ocrx_word' id='word_1_128' title='bbox 1884 1415 2023 1474; x_wconf 89' lang='lat' dir='ltr'><strong>dum</strong></span> <span class='ocrx_word' id='word_1_129' title='bbox 2066 1417 2127 1474; x_wconf 92' lang='lat' dir='ltr'><strong>in</strong></span> <span class='ocrx_word' id='word_1_130' title='bbox 2160 1415 2414 1498; x_wconf 85' lang='lat' dir='ltr'><strong>aliquam</strong></span> 
     </span>
     <span class='ocr_line' id='line_1_15' title="bbox 287 1510 2414 1591; baseline 0 -21"><span class='ocrx_word' id='word_1_131' title='bbox 287 1513 639 1571; x_wconf 85' lang='lat' dir='ltr'><strong>sententiam</strong></span> <span class='ocrx_word' id='word_1_132' title='bbox 674 1513 1010 1591; x_wconf 89' lang='lat' dir='ltr'><strong>conspirant</strong></span> <span class='ocrx_word' id='word_1_133' title='bbox 1034 1556 1049 1584; x_wconf 75' lang='grc'><em>,</em></span> <span class='ocrx_word' id='word_1_134' title='bbox 1094 1510 1288 1569; x_wconf 89' lang='lat' dir='ltr'><strong>solidis</strong></span> <span class='ocrx_word' id='word_1_135' title='bbox 1329 1510 1788 1569; x_wconf 82' lang='lat' dir='ltr'><strong>destituerentur</strong></span> <span class='ocrx_word' id='word_1_136' title='bbox 1823 1511 2118 1569; x_wconf 89' lang='lat' dir='ltr'><strong>rationum</strong></span> <span class='ocrx_word' id='word_1_137' title='bbox 2156 1533 2414 1570; x_wconf 89' lang='lat' dir='ltr'><strong>momen-</strong></span> 
     </span>
     <span class='ocr_line' id='line_1_16' title="bbox 289 1605 2412 1682; baseline 0 -16"><span class='ocrx_word' id='word_1_138' title='bbox 289 1607 360 1666; x_wconf 91' lang='lat' dir='ltr'><strong>tis</strong></span> <span class='ocrx_word' id='word_1_139' title='bbox 384 1652 400 1682; x_wconf 71' lang='grc'><em>,</em></span> <span class='ocrx_word' id='word_1_140' title='bbox 442 1627 628 1674; x_wconf 79' lang='lat' dir='ltr'><strong>conc.,·</strong></span> <span class='ocrx_word' id='word_1_141' title='bbox 658 1607 706 1666; x_wconf 84' lang='lat' dir='ltr'><strong>si.</strong></span> <span class='ocrx_word' id='word_1_142' title='bbox 733 1606 927 1664; x_wconf 90' lang='lat' dir='ltr'><strong>solidis</strong></span> <span class='ocrx_word' id='word_1_143' title='bbox 970 1607 1088 1664; x_wconf 89' lang='lat' dir='ltr'><strong>sint</strong></span> <span class='ocrx_word' id='word_1_144' title='bbox 1110 1605 1507 1664; x_wconf 86' lang='lat' dir='ltr'><strong>fundamentis</strong></span> <span class='ocrx_word' id='word_1_145' title='bbox 1539 1606 1721 1664; x_wconf 76' lang='lat' dir='ltr'><strong>innixi</strong></span> <span class='ocrx_word' id='word_1_146' title='bbox 1745 1651 1761 1677; x_wconf 64' lang='grc'><strong>.</strong></span> <span class='ocrx_word' id='word_1_147' title='bbox 1800 1618 1866 1664; x_wconf 90' lang='lat' dir='ltr'><strong>ut</strong></span> <span class='ocrx_word' id='word_1_148' title='bbox 1901 1607 1962 1664; x_wconf 90' lang='lat' dir='ltr'><strong>in</strong></span> <span class='ocrx_word' id='word_1_149' title='bbox 2003 1627 2136 1665; x_wconf 89' lang='lat' dir='ltr'><strong>casu</strong></span> <span class='ocrx_word' id='word_1_150' title='bbox 2169 1618 2370 1666; x_wconf 86' lang='lat' dir='ltr'><strong>nostro</strong></span> <span class='ocrx_word' id='word_1_151' title='bbox 2386 1652 2412 1679; x_wconf 90' lang='lat'><em>,</em></span> 
     </span>
     <span class='ocr_line' id='line_1_17' title="bbox 286 1700 2413 1784; baseline -0.001 -22"><span class='ocrx_word' id='word_1_152' title='bbox 286 1725 414 1783; x_wconf 71' lang='lat' dir='ltr'><strong>neq.</strong></span> <span class='ocrx_word' id='word_1_153' title='bbox 454 1702 684 1761; x_wconf 91' lang='lat' dir='ltr'><strong>Falsum</strong></span> <span class='ocrx_word' id='word_1_154' title='bbox 717 1714 1001 1784; x_wconf 85' lang='lat' dir='ltr'><strong>praeterea</strong></span> <span class='ocrx_word' id='word_1_155' title='bbox 1045 1712 1168 1775; x_wconf 74' lang='lat' dir='ltr'><strong>est7</strong></span> <span class='ocrx_word' id='word_1_156' title='bbox 1209 1700 1528 1780; x_wconf 78' lang='lat' dir='ltr'><strong>Tlieologos</strong></span> <span class='ocrx_word' id='word_1_157' title='bbox 1567 1713 1626 1760; x_wconf 92' lang='lat' dir='ltr'><strong>et</strong></span> <span class='ocrx_word' id='word_1_158' title='bbox 1657 1702 1999 1760; x_wconf 88' lang='lat' dir='ltr'><strong>Canonistas</strong></span> <span class='ocrx_word' id='word_1_159' title='bbox 2035 1701 2205 1760; x_wconf 90' lang='lat' dir='ltr'><strong>unice</strong></span> <span class='ocrx_word' id='word_1_160' title='bbox 2237 1702 2413 1760; x_wconf 86' lang='lat' dir='ltr'><strong>inniti</strong></span> 
     </span>
     <span class='ocr_line' id='line_1_18' title="bbox 288 1796 2412 1878; baseline -0 -21"><span class='ocrx_word' id='word_1_161' title='bbox 288 1798 555 1857; x_wconf 87' lang='lat' dir='ltr'><strong>Gratiani</strong></span> <span class='ocrx_word' id='word_1_162' title='bbox 574 1807 633 1856; x_wconf 88' lang='lat' dir='ltr'><strong>et</strong></span> <span class='ocrx_word' id='word_1_163' title='bbox 656 1798 980 1856; x_wconf 89' lang='lat' dir='ltr'><strong>Innocentii</strong></span> <span class='ocrx_word' id='word_1_164' title='bbox 1021 1798 1096 1854; x_wconf 88' lang='grc' dir='ltr'><strong>ΙΙΙ</strong></span> <span class='ocrx_word' id='word_1_165' title='bbox 1123 1797 1491 1870; x_wconf 74' lang='lat' dir='ltr'><strong>auctoritati3</strong></span> <span class='ocrx_word' id='word_1_166' title='bbox 1534 1796 1636 1856; x_wconf 91' lang='lat' dir='ltr'><strong>sed</strong></span> <span class='ocrx_word' id='word_1_167' title='bbox 1671 1797 1991 1856; x_wconf 86' lang='lat' dir='ltr'><strong>fulciuntur</strong></span> <span class='ocrx_word' id='word_1_168' title='bbox 2022 1798 2263 1878; x_wconf 90' lang='lat' dir='ltr'><strong>insuper</strong></span> <span class='ocrx_word' id='word_1_169' title='bbox 2304 1819 2412 1856; x_wconf 85' lang='lat' dir='ltr'><strong>au-</strong></span> 
     </span>
     <span class='ocr_line' id='line_1_19' title="bbox 288 1892 2408 1975; baseline -0 -22"><span class='ocrx_word' id='word_1_170' title='bbox 288 1894 559 1953; x_wconf 87' lang='lat' dir='ltr'><strong>ctoritate</strong></span> <span class='ocrx_word' id='word_1_171' title='bbox 589 1892 952 1975; x_wconf 83' lang='lat' dir='ltr'><strong>reliquorum</strong></span> <span class='ocrx_word' id='word_1_172' title='bbox 974 1894 1141 1951; x_wconf 82' lang='lat' dir='ltr'><strong>Rom.</strong></span> <span class='ocrx_word' id='word_1_173' title='bbox 1170 1893 1547 1968; x_wconf 69' lang='lat' dir='ltr'><strong>Pontificum,</strong></span> <span class='ocrx_word' id='word_1_174' title='bbox 1575 1893 1693 1950; x_wconf 93' lang='lat' dir='ltr'><strong>imo</strong></span> <span class='ocrx_word' id='word_1_175' title='bbox 1711 1904 1770 1951; x_wconf 87' lang='lat' dir='ltr'><strong>et</strong></span> <span class='ocrx_word' id='word_1_176' title='bbox 1801 1892 2060 1952; x_wconf 86' lang='lat' dir='ltr'><strong>Ecclesiae</strong></span> <span class='ocrx_word' id='word_1_177' title='bbox 2085 1892 2371 1952; x_wconf 82' lang='lat' dir='ltr'><strong>universae</strong></span> <span class='ocrx_word' id='word_1_178' title='bbox 2392 1938 2408 1968; x_wconf 87' lang='grc'><strong>.,</strong></span> 
     </span>
     <span class='ocr_line' id='line_1_20' title="bbox 286 1987 2410 2072; baseline -0 -24"><span class='ocrx_word' id='word_1_179' title='bbox 286 1989 416 2072; x_wconf 88' lang='lat' dir='ltr'><strong>quae</strong></span> <span class='ocrx_word' id='word_1_180' title='bbox 452 1990 604 2048; x_wconf 89' lang='lat' dir='ltr'><strong>hanc</strong></span> <span class='ocrx_word' id='word_1_181' title='bbox 634 1989 962 2048; x_wconf 85' lang='lat' dir='ltr'><strong>doctrinam</strong></span> <span class='ocrx_word' id='word_1_182' title='bbox 996 1989 1058 2047; x_wconf 92' lang='lat' dir='ltr'><strong>in</strong></span> <span class='ocrx_word' id='word_1_183' title='bbox 1095 1990 1326 2070; x_wconf 82' lang='lat' dir='ltr'><strong>praxim</strong></span> <span class='ocrx_word' id='word_1_184' title='bbox 1361 1987 1624 2048; x_wconf 82' lang='lat' dir='ltr'><strong>deduxit.</strong></span> <span class='ocrx_word' id='word_1_185' title='bbox 1665 1990 1944 2061; x_wconf 85' lang='lat' dir='ltr'><strong>Quamvis</strong></span> <span class='ocrx_word' id='word_1_186' title='bbox 1985 2000 2180 2048; x_wconf 88' lang='lat' dir='ltr'><strong>autem</strong></span> <span class='ocrx_word' id='word_1_187' title='bbox 2221 2010 2410 2048; x_wconf 87' lang='lat' dir='ltr'><strong>canon</strong></span> 
     </span>
     <span class='ocr_line' id='line_1_21' title="bbox 287 2085 2412 2166; baseline -0.001 -21"><span class='ocrx_word' id='word_1_188' title='bbox 287 2089 360 2145; x_wconf 75' lang='lat' dir='ltr'><strong>Si</strong></span> <span class='ocrx_word' id='word_1_189' title='bbox 381 2088 639 2165; x_wconf 76' lang='lat' dir='ltr'><strong>infidelis</strong></span> <span class='ocrx_word' id='word_1_190' title='bbox 663 2088 722 2144; x_wconf 91' lang='lat' dir='ltr'><strong>S.</strong></span> <span class='ocrx_word' id='word_1_191' title='bbox 743 2085 1002 2164; x_wconf 86' lang='lat' dir='ltr'><strong>Gregorii</strong></span> <span class='ocrx_word' id='word_1_192' title='bbox 1037 2086 1110 2143; x_wconf 90' lang='lat' dir='ltr'><strong>M.</strong></span> <span class='ocrx_word' id='word_1_193' title='bbox 1145 2107 1268 2142; x_wconf 88' lang='lat' dir='ltr'><strong>non</strong></span> <span class='ocrx_word' id='word_1_194' title='bbox 1304 2086 1379 2143; x_wconf 88' lang='lat' dir='ltr'><strong>sit</strong></span> <span class='ocrx_word' id='word_1_195' title='bbox 1399 2130 1414 2158; x_wconf 70' lang='grc'><em>,</em></span> <span class='ocrx_word' id='word_1_196' title='bbox 1445 2085 1791 2166; x_wconf 85' lang='lat' dir='ltr'><strong>desumptus</strong></span> <span class='ocrx_word' id='word_1_197' title='bbox 1824 2096 2023 2143; x_wconf 90' lang='lat' dir='ltr'><strong>tamen</strong></span> <span class='ocrx_word' id='word_1_198' title='bbox 2052 2096 2141 2144; x_wconf 92' lang='lat' dir='ltr'><strong>est</strong></span> <span class='ocrx_word' id='word_1_199' title='bbox 2169 2106 2240 2143; x_wconf 78' lang='lat' dir='ltr'><strong>ex</strong></span> <span class='ocrx_word' id='word_1_200' title='bbox 2261 2085 2412 2143; x_wconf 81' lang='lat' dir='ltr'><strong>anti-</strong></span> 
     </span>
     <span class='ocr_line' id='line_1_22' title="bbox 286 2179 2409 2265; baseline -0.001 -24"><span class='ocrx_word' id='word_1_201' title='bbox 286 2183 567 2265; x_wconf 89' lang='lat' dir='ltr'><strong>quissimo</strong></span> <span class='ocrx_word' id='word_1_202' title='bbox 608 2181 899 2262; x_wconf 86' lang='lat' dir='ltr'><strong>scriptore.</strong></span> <span class='ocrx_word' id='word_1_203' title='bbox 930 2179 1111 2239; x_wconf 87' lang='lat' dir='ltr'><strong>seculi</strong></span> <span class='ocrx_word' id='word_1_204' title='bbox 1150 2181 1259 2254; x_wconf 78' lang='lat' dir='ltr'><strong>lv,</strong></span> <span class='ocrx_word' id='word_1_205' title='bbox 1303 2180 1403 2261; x_wconf 88' lang='lat' dir='ltr'><strong>qui</strong></span> <span class='ocrx_word' id='word_1_206' title='bbox 1435 2180 1542 2238; x_wconf 91' lang='lat' dir='ltr'><strong>hac</strong></span> <span class='ocrx_word' id='word_1_207' title='bbox 1573 2181 1635 2237; x_wconf 90' lang='lat' dir='ltr'><strong>in</strong></span> <span class='ocrx_word' id='word_1_208' title='bbox 1670 2190 1835 2261; x_wconf 89' lang='lat' dir='ltr'><strong>parte</strong></span> <span class='ocrx_word' id='word_1_209' title='bbox 1867 2191 2162 2262; x_wconf 84' lang='lat' dir='ltr'><strong>receptam</strong></span> <span class='ocrx_word' id='word_1_210' title='bbox 2201 2180 2262 2237; x_wconf 92' lang='lat' dir='ltr'><strong>in</strong></span> <span class='ocrx_word' id='word_1_211' title='bbox 2303 2180 2409 2238; x_wconf 89' lang='lat' dir='ltr'><strong>Ec-</strong></span> 
     </span>
     <span class='ocr_line' id='line_1_23' title="bbox 286 2274 2409 2359; baseline -0.001 -21"><span class='ocrx_word' id='word_1_212' title='bbox 286 2279 457 2339; x_wconf 84' lang='lat' dir='ltr'><strong>clesia</strong></span> <span class='ocrx_word' id='word_1_213' title='bbox 495 2278 823 2337; x_wconf 88' lang='lat' dir='ltr'><strong>doctrinam</strong></span> <span class='ocrx_word' id='word_1_214' title='bbox 861 2287 1089 2335; x_wconf 88' lang='lat' dir='ltr'><strong>secutus</strong></span> <span class='ocrx_word' id='word_1_215' title='bbox 1130 2287 1248 2350; x_wconf 85' lang='lat' dir='ltr'><strong>est,</strong></span> <span class='ocrx_word' id='word_1_216' title='bbox 1290 2297 1398 2335; x_wconf 89' lang='lat' dir='ltr'><strong>nec</strong></span> <span class='ocrx_word' id='word_1_217' title='bbox 1445 2275 1667 2359; x_wconf 86' lang='lat' dir='ltr'><strong>aliquid</strong></span> <span class='ocrx_word' id='word_1_218' title='bbox 1711 2296 2021 2334; x_wconf 90' lang='lat' dir='ltr'><strong>commune</strong></span> <span class='ocrx_word' id='word_1_219' title='bbox 2058 2274 2236 2334; x_wconf 90' lang='lat' dir='ltr'><strong>habet</strong></span> <span class='ocrx_word' id='word_1_220' title='bbox 2269 2292 2409 2335; x_wconf 80' lang='lat' dir='ltr'><strong>&#39;cum</strong></span> 
     </span>
     <span class='ocr_line' id='line_1_24' title="bbox 288 2371 2409 2446; baseline -0.002 -11"><span class='ocrx_word' id='word_1_221' title='bbox 288 2373 579 2435; x_wconf 89' lang='lat' dir='ltr'><strong>erroribus</strong></span> <span class='ocrx_word' id='word_1_222' title='bbox 603 2384 772 2432; x_wconf 84' lang='lat' dir='ltr'><strong>sectae</strong></span> <span class='ocrx_word' id='word_1_223' title='bbox 792 2418 808 2446; x_wconf 81' lang='lat'><strong>.,</strong></span> <span class='ocrx_word' id='word_1_224' title='bbox 837 2373 927 2431; x_wconf 90' lang='lat' dir='ltr'><strong>cui</strong></span> <span class='ocrx_word' id='word_1_225' title='bbox 944 2371 1210 2431; x_wconf 68' lang='lat' dir='ltr'><strong>adhaesit.</strong></span> <span class='ocrx_word' id='word_1_226' title='bbox 1238 2375 1350 2431; x_wconf 90' lang='lat' dir='ltr'><strong>Pro</strong></span> <span class='ocrx_word' id='word_1_227' title='bbox 1365 2384 1524 2432; x_wconf 90' lang='lat' dir='ltr'><strong>certo</strong></span> <span class='ocrx_word' id='word_1_228' title='bbox 1553 2383 1749 2431; x_wconf 90' lang='lat' dir='ltr'><strong>autem</strong></span> <span class='ocrx_word' id='word_1_229' title='bbox 1770 2371 2084 2430; x_wconf 82' lang='lat' dir='ltr'><strong>adversarii</strong></span> <span class='ocrx_word' id='word_1_230' title='bbox 2103 2382 2409 2431; x_wconf 86' lang='lat' dir='ltr'><strong>assumunt</strong></span> 
     </span>
     <span class='ocr_line' id='line_1_25' title="bbox 288 2466 2409 2550; baseline -0.003 -19"><span class='ocrx_word' id='word_1_231' title='bbox 288 2473 351 2531; x_wconf 90' lang='lat' dir='ltr'><strong>in</strong></span> <span class='ocrx_word' id='word_1_232' title='bbox 377 2493 479 2530; x_wconf 88' lang='lat' dir='ltr'><strong>sua</strong></span> <span class='ocrx_word' id='word_1_233' title='bbox 511 2469 1016 2550; x_wconf 81' lang='lat' dir='ltr'><strong>argumentatione</strong></span> <span class='ocrx_word' id='word_1_234' title='bbox 1043 2513 1058 2539; x_wconf 68' lang='grc'><em>,</em></span> <span class='ocrx_word' id='word_1_235' title='bbox 1097 2478 1324 2526; x_wconf 82' lang='lat' dir='ltr'><strong>textum</strong></span> <span class='ocrx_word' id='word_1_236' title='bbox 1365 2468 1623 2550; x_wconf 88' lang='lat' dir='ltr'><strong>Apostoli</strong></span> <span class='ocrx_word' id='word_1_237' title='bbox 1657 2489 1721 2525; x_wconf 90' lang='lat' dir='ltr'><strong>ac</strong></span> <span class='ocrx_word' id='word_1_238' title='bbox 1759 2470 1988 2542; x_wconf 65' lang='lat' dir='ltr'><strong>PatreS,</strong></span> <span class='ocrx_word' id='word_1_239' title='bbox 2038 2489 2181 2548; x_wconf 90' lang='lat' dir='ltr'><strong>quos</strong></span> <span class='ocrx_word' id='word_1_240' title='bbox 2206 2466 2409 2525; x_wconf 90' lang='lat' dir='ltr'><strong>lauda-</strong></span> 
     </span>
     <span class='ocr_line' id='line_1_26' title="bbox 289 2562 2403 2645; baseline -0.004 -16"><span class='ocrx_word' id='word_1_241' title='bbox 289 2569 481 2629; x_wconf 87' lang='lat' dir='ltr'><strong>vimus</strong></span> <span class='ocrx_word' id='word_1_242' title='bbox 505 2566 671 2625; x_wconf 91' lang='lat' dir='ltr'><strong>nobis</strong></span> <span class='ocrx_word' id='word_1_243' title='bbox 701 2587 822 2624; x_wconf 90' lang='lat' dir='ltr'><strong>non</strong></span> <span class='ocrx_word' id='word_1_244' title='bbox 850 2563 1232 2645; x_wconf 89' lang='lat' dir='ltr'><strong>adstipulari,</strong></span> <span class='ocrx_word' id='word_1_245' title='bbox 1263 2585 1396 2623; x_wconf 91' lang='lat' dir='ltr'><strong>cum</strong></span> <span class='ocrx_word' id='word_1_246' title='bbox 1432 2585 1537 2622; x_wconf 90' lang='lat' dir='ltr'><strong>nos</strong></span> <span class='ocrx_word' id='word_1_247' title='bbox 1567 2563 1925 2623; x_wconf 90' lang='lat' dir='ltr'><strong>contrarium</strong></span> <span class='ocrx_word' id='word_1_248' title='bbox 1960 2562 2403 2624; x_wconf 81' lang='lat' dir='ltr'><strong>ostenderimus,</strong></span> 
     </span>
     <span class='ocr_line' id='line_1_27' title="bbox 291 2655 2407 2742; baseline -0.002 -22"><span class='ocrx_word' id='word_1_249' title='bbox 291 2662 462 2736; x_wconf 90' lang='lat' dir='ltr'><strong>Quod</strong></span> <span class='ocrx_word' id='word_1_250' title='bbox 504 2684 639 2721; x_wconf 78' lang='lat' dir='ltr'><strong>vero</strong></span> <span class='ocrx_word' id='word_1_251' title='bbox 676 2661 955 2739; x_wconf 87' lang='lat' dir='ltr'><strong>adjiciunt</strong></span> <span class='ocrx_word' id='word_1_252' title='bbox 987 2660 1059 2719; x_wconf 90' lang='lat' dir='ltr'><strong>de</strong></span> <span class='ocrx_word' id='word_1_253' title='bbox 1095 2682 1413 2742; x_wconf 87' lang='lat' dir='ltr'><strong>paucorum</strong></span> <span class='ocrx_word' id='word_1_254' title='bbox 1443 2659 1866 2738; x_wconf 81' lang='lat' dir='ltr'><strong>Theologorum</strong></span> <span class='ocrx_word' id='word_1_255' title='bbox 1888 2659 2170 2738; x_wconf 80' lang='lat' dir='ltr'><strong>gravitate</strong></span> <span class='ocrx_word' id='word_1_256' title='bbox 2191 2703 2206 2731; x_wconf 90' lang='lat'><strong>.,</strong></span> <span class='ocrx_word' id='word_1_257' title='bbox 2235 2655 2407 2715; x_wconf 90' lang='lat' dir='ltr'><strong>intel-</strong></span> 
     </span>
     <span class='ocr_line' id='line_1_28' title="bbox 290 2754 2406 2839; baseline -0.002 -23"><span class='ocrx_word' id='word_1_258' title='bbox 290 2757 596 2838; x_wconf 80' lang='lat' dir='ltr'><strong>ligendum</strong></span> <span class='ocrx_word' id='word_1_259' title='bbox 623 2756 826 2839; x_wconf 89' lang='lat' dir='ltr'><strong>procul</strong></span> <span class='ocrx_word' id='word_1_260' title='bbox 857 2755 1035 2814; x_wconf 91' lang='lat' dir='ltr'><strong>dubio</strong></span> <span class='ocrx_word' id='word_1_261' title='bbox 1059 2768 1147 2815; x_wconf 86' lang='lat' dir='ltr'><strong>est</strong></span> <span class='ocrx_word' id='word_1_262' title='bbox 1185 2755 1257 2814; x_wconf 89' lang='lat' dir='ltr'><strong>de</strong></span> <span class='ocrx_word' id='word_1_263' title='bbox 1281 2756 1561 2834; x_wconf 84' lang='lat' dir='ltr'><strong>gravitate</strong></span> <span class='ocrx_word' id='word_1_264' title='bbox 1594 2757 1890 2821; x_wconf 78' lang='lat' dir='ltr'><strong>relativa;</strong></span> <span class='ocrx_word' id='word_1_265' title='bbox 1930 2754 2049 2811; x_wconf 86' lang='lat' dir='ltr'><strong>istis</strong></span> <span class='ocrx_word' id='word_1_266' title='bbox 2079 2754 2239 2812; x_wconf 91' lang='lat' dir='ltr'><strong>enim</strong></span> <span class='ocrx_word' id='word_1_267' title='bbox 2262 2773 2406 2811; x_wconf 76' lang='lat' dir='ltr'><strong>neo-</strong></span> 
     </span>
     <span class='ocr_line' id='line_1_29' title="bbox 292 2848 2403 2935; baseline -0.003 -21"><span class='ocrx_word' id='word_1_268' title='bbox 292 2855 517 2924; x_wconf 82' lang='lat' dir='ltr'><strong>tericiS,</strong></span> <span class='ocrx_word' id='word_1_269' title='bbox 554 2855 655 2935; x_wconf 90' lang='lat' dir='ltr'><strong>qui</strong></span> <span class='ocrx_word' id='word_1_270' title='bbox 689 2853 1042 2934; x_wconf 82' lang='lat' dir='ltr'><strong>impugnant</strong></span> <span class='ocrx_word' id='word_1_271' title='bbox 1074 2850 1331 2910; x_wconf 82' lang='lat' dir='ltr'><strong>Ecclesiae</strong></span> <span class='ocrx_word' id='word_1_272' title='bbox 1356 2850 1717 2922; x_wconf 67' lang='lat' dir='ltr'><strong>doctrinam,</strong></span> <span class='ocrx_word' id='word_1_273' title='bbox 1751 2848 2022 2927; x_wconf 81' lang='lat' dir='ltr'><strong>Theologi</strong></span> <span class='ocrx_word' id='word_1_274' title='bbox 2061 2870 2263 2907; x_wconf 89' lang='lat' dir='ltr'><strong>omnes</strong></span> <span class='ocrx_word' id='word_1_275' title='bbox 2303 2849 2403 2929; x_wconf 88' lang='lat' dir='ltr'><strong>qui</strong></span> 
     </span>
     <span class='ocr_line' id='line_1_30' title="bbox 291 2944 2402 3033; baseline -0.003 -24"><span class='ocrx_word' id='word_1_276' title='bbox 291 2951 431 3033; x_wconf 90' lang='lat' dir='ltr'><strong>ipsis</strong></span> <span class='ocrx_word' id='word_1_277' title='bbox 455 2949 841 3010; x_wconf 86' lang='lat' dir='ltr'><strong>adversantur</strong></span> <span class='ocrx_word' id='word_1_278' title='bbox 862 2947 1019 3007; x_wconf 87' lang='lat' dir='ltr'><strong>leves</strong></span> <span class='ocrx_word' id='word_1_279' title='bbox 1044 2956 1182 3028; x_wconf 86' lang='lat' dir='ltr'><strong>sunt</strong></span> <span class='ocrx_word' id='word_1_280' title='bbox 1205 2992 1221 3020; x_wconf 71' lang='lat'>,</span> <span class='ocrx_word' id='word_1_281' title='bbox 1255 2968 1386 3005; x_wconf 91' lang='lat' dir='ltr'><strong>cum</strong></span> <span class='ocrx_word' id='word_1_282' title='bbox 1422 2946 1530 3005; x_wconf 83' lang='lat' dir='ltr'><strong>sibi</strong></span> <span class='ocrx_word' id='word_1_283' title='bbox 1569 2944 1702 3004; x_wconf 88' lang='lat' dir='ltr'><strong>solis</strong></span> <span class='ocrx_word' id='word_1_284' title='bbox 1731 2944 2027 3007; x_wconf 85' lang='lat' dir='ltr'><strong>vindicent</strong></span> <span class='ocrx_word' id='word_1_285' title='bbox 2055 2946 2402 3023; x_wconf 84' lang='lat' dir='ltr'><strong>gravitatem</strong></span> 
     </span>
     <span class='ocr_line' id='line_1_31' title="bbox 291 3047 993 3130; baseline -0.004 -21"><span class='ocrx_word' id='word_1_286' title='bbox 291 3059 352 3109; x_wconf 92' lang='lat' dir='ltr'><strong>et</strong></span> <span class='ocrx_word' id='word_1_287' title='bbox 373 3047 623 3130; x_wconf 80' lang='lat' dir='ltr'><strong>pondus,</strong></span> <span class='ocrx_word' id='word_1_288' title='bbox 988 3103 993 3106; x_wconf 8' lang='lat' dir='ltr'><strong>a</strong></span> 
     </span>
    </p>

    <p class='ocr_par' dir='ltr' id='par_1_5' title="bbox 292 3135 2401 3415">
     <span class='ocr_line' id='line_1_32' title="bbox 376 3135 2401 3217; baseline -0.004 -15"><span class='ocrx_word' id='word_1_289' title='bbox 376 3142 516 3202; x_wconf 90' lang='lat'>100.</span> <span class='ocrx_word' id='word_1_290' title='bbox 545 3141 634 3202; x_wconf 88' lang='lat' dir='ltr'><strong>Ad</strong></span> <span class='ocrx_word' id='word_1_291' title='bbox 663 3140 766 3214; x_wconf 77' lang='lat'>4¹¹¹,</span> <span class='ocrx_word' id='word_1_292' title='bbox 802 3141 961 3199; x_wconf 74' lang='lat' dir='ltr'><strong>Dist.</strong></span> <span class='ocrx_word' id='word_1_293' title='bbox 987 3138 1054 3197; x_wconf 90' lang='lat' dir='ltr'><strong>Id</strong></span> <span class='ocrx_word' id='word_1_294' title='bbox 1076 3150 1186 3213; x_wconf 68' lang='lat' dir='ltr'><strong>est,</strong></span> <span class='ocrx_word' id='word_1_295' title='bbox 1207 3135 1371 3196; x_wconf 87' lang='lat' dir='ltr'><strong>nulla</strong></span> <span class='ocrx_word' id='word_1_296' title='bbox 1397 3136 1745 3196; x_wconf 86' lang='lat' dir='ltr'><strong>documenta</strong></span> <span class='ocrx_word' id='word_1_297' title='bbox 1769 3146 2088 3217; x_wconf 88' lang='lat' dir='ltr'><strong>suppetunt</strong></span> <span class='ocrx_word' id='word_1_298' title='bbox 2112 3135 2401 3196; x_wconf 84' lang='lat' dir='ltr'><strong>anteriora</strong></span> 
     </span>
     <span class='ocr_line' id='line_1_33' title="bbox 292 3232 2398 3319; baseline -0.003 -23"><span class='ocrx_word' id='word_1_299' title='bbox 292 3240 484 3300; x_wconf 90' lang='lat' dir='ltr'><strong>seculo</strong></span> <span class='ocrx_word' id='word_1_300' title='bbox 530 3240 620 3313; x_wconf 70' lang='lat' dir='ltr'><strong>X,</strong></span> <span class='ocrx_word' id='word_1_301' title='bbox 672 3235 880 3319; x_wconf 90' lang='lat' dir='ltr'><strong>quibus</strong></span> <span class='ocrx_word' id='word_1_302' title='bbox 937 3246 1161 3294; x_wconf 89' lang='lat' dir='ltr'><strong>constet</strong></span> <span class='ocrx_word' id='word_1_303' title='bbox 1210 3233 1480 3293; x_wconf 88' lang='lat' dir='ltr'><strong>dissoluta</strong></span> <span class='ocrx_word' id='word_1_304' title='bbox 1527 3234 1698 3293; x_wconf 87' lang='lat' dir='ltr'><strong>fuisse</strong></span> <span class='ocrx_word' id='word_1_305' title='bbox 1750 3232 2030 3311; x_wconf 87' lang='lat' dir='ltr'><strong>ejusmodi</strong></span> <span class='ocrx_word' id='word_1_306' title='bbox 2095 3233 2398 3312; x_wconf 80' lang='lat' dir='ltr'><strong>conjugia,</strong></span> 
     </span>
     <span class='ocr_line' id='line_1_34' title="bbox 292 3328 2401 3415; baseline -0.003 -22"><span class='ocrx_word' id='word_1_307' title='bbox 292 3345 513 3403; x_wconf 76' lang='lat' dir='ltr'><strong>tran3.,·</strong></span> <span class='ocrx_word' id='word_1_308' title='bbox 544 3333 708 3394; x_wconf 89' lang='lat' dir='ltr'><strong>nulla</strong></span> <span class='ocrx_word' id='word_1_309' title='bbox 744 3333 933 3415; x_wconf 85' lang='lat' dir='ltr'><strong>reipsa</strong></span> <span class='ocrx_word' id='word_1_310' title='bbox 965 3330 1150 3391; x_wconf 88' lang='lat' dir='ltr'><strong>soluta</strong></span> <span class='ocrx_word' id='word_1_311' title='bbox 1175 3331 1446 3404; x_wconf 70' lang='lat' dir='ltr'><strong>fuerunt,</strong></span> <span class='ocrx_word' id='word_1_312' title='bbox 1488 3341 1589 3390; x_wconf 88' lang='lat' dir='ltr'><strong>aut</strong></span> <span class='ocrx_word' id='word_1_313' title='bbox 1617 3328 1824 3390; x_wconf 85' lang='lat' dir='ltr'><strong>saltem</strong></span> <span class='ocrx_word' id='word_1_314' title='bbox 1859 3329 2006 3390; x_wconf 90' lang='lat' dir='ltr'><strong>solvi</strong></span> <span class='ocrx_word' id='word_1_315' title='bbox 2032 3351 2153 3389; x_wconf 89' lang='lat' dir='ltr'><strong>non</strong></span> <span class='ocrx_word' id='word_1_316' title='bbox 2186 3340 2401 3411; x_wconf 84' lang='lat' dir='ltr'><strong>potue-</strong></span> 
     </span>
    </p>
   </div>
   <div class='ocr_carea' id='block_1_3' title="bbox 326 3610 2397 3686">
    <p class='ocr_par' dir='ltr' id='par_1_6' title="bbox 326 3610 2397 3686">
     <span class='ocr_line' id='line_1_35' title="bbox 326 3610 2397 3686; baseline -0.002 -20"><span class='ocrx_word' id='word_1_317' title='bbox 326 3619 392 3684; x_wconf 83' lang='lat'><strong>(1)</strong></span> <span class='ocrx_word' id='word_1_318' title='bbox 408 3616 480 3668; x_wconf 82' lang='lat' dir='ltr'><strong>De</strong></span> <span class='ocrx_word' id='word_1_319' title='bbox 493 3618 645 3685; x_wconf 77' lang='lat' dir='ltr'><strong>Bapt.</strong></span> <span class='ocrx_word' id='word_1_320' title='bbox 658 3619 741 3668; x_wconf 90' lang='lat' dir='ltr'><strong>lib.</strong></span> <span class='ocrx_word' id='word_1_321' title='bbox 761 3634 827 3682; x_wconf 77' lang='lat' dir='ltr'><strong>iv,</strong></span> <span class='ocrx_word' id='word_1_322' title='bbox 845 3638 947 3686; x_wconf 81' lang='lat' dir='ltr'><strong>cap.</strong></span> <span class='ocrx_word' id='word_1_323' title='bbox 965 3617 1050 3683; x_wconf 72' lang='lat'><strong>24,</strong></span> <span class='ocrx_word' id='word_1_324' title='bbox 1067 3635 1200 3667; x_wconf 84' lang='lat' dir='ltr'><strong>num.</strong></span> <span class='ocrx_word' id='word_1_325' title='bbox 1223 3617 1306 3667; x_wconf 82' lang='lat'><strong>31.</strong></span> <span class='ocrx_word' id='word_1_326' title='bbox 1459 3618 1522 3682; x_wconf 76' lang='lat'><strong>(2)</strong></span> <span class='ocrx_word' id='word_1_327' title='bbox 1556 3616 1709 3684; x_wconf 70' lang='lat' dir='ltr'><strong>Epist.</strong></span> <span class='ocrx_word' id='word_1_328' title='bbox 1730 3635 1800 3668; x_wconf 81' lang='lat' dir='ltr'><strong>nv</strong></span> <span class='ocrx_word' id='word_1_329' title='bbox 1821 3655 1834 3679; x_wconf 93' lang='lat'>,</span> <span class='ocrx_word' id='word_1_330' title='bbox 1861 3617 1927 3665; x_wconf 84' lang='lat' dir='ltr'><strong>ad</strong></span> <span class='ocrx_word' id='word_1_331' title='bbox 1949 3615 2161 3666; x_wconf 73' lang='lat' dir='ltr'><strong>Ianuar.</strong></span> <span class='ocrx_word' id='word_1_332' title='bbox 2187 3630 2321 3663; x_wconf 90' lang='lat' dir='ltr'><strong>num.</strong></span> <span class='ocrx_word' id='word_1_333' title='bbox 2344 3610 2397 3662; x_wconf 87' lang='lat'><strong>6.</strong></span> 
     </span>
    </p>
   </div>
  </div>
 </body>
</html>
