2612 4146
693 226 760 262 nn
803 226 1304 264 {NDULGENTIARUM
1348 224 1652 264 THESAURO.
2161 207 2238 264 29

131 370 248 448 Baji
280 368 737 451 propositionem
772 391 832 427 n.
887 370 984 427 XL
1026 368 1489 450 proscripserunt
1528 391 1541 428 ε
1580 370 1704 458 Per
1731 372 2042 448 passiones
2085 371 2245 429 San-

133 476 364 523 ctorum
401 469 470 522 in
493 463 898 543 Indulqentz'is
921 470 1394 523 communicatas
1431 485 1553 522 uon
1573 468 1824 543 proprie
1851 466 2245 523 redimuntur

138 571 338 618 nostra
377 561 588 617 delicta
598 583 624 632 ,-
673 560 777 616 sed
800 580 913 637 per
946 564 1421 618 communionem
1456 561 1775 618 charitatis
1815 561 1987 618 uobis
2032 582 2242 620 eorum

126 660 433 732 passiones
465 658 933 733 impertiuntur,
969 666 1039 712 ut
1064 655 1239 733 diqni
1270 657 1497 727 simus,
1531 660 1646 732 qui
1671 659 1871 733 pretio
1907 656 2246 735 Sanquz‘uis

143 751 371 811 Christi
391 771 430 807 a
449 754 650 829 poenis
667 771 783 828 pro
804 755 1066 828 peccatis
1086 750 1300 806 debitis
1326 749 1656 813 liberemur
1681 750 1702 827 (
1711 751 1791 828 1).

219 844 317 902 57.
369 844 580 902 Mirum
605 855 692 902 est
714 889 730 918 .,
759 865 873 924 quo
904 845 1110 901 insano
1149 842 1342 900 furore
1390 841 1665 901 adversus
1708 843 1864 903 hunc
1883 845 2255 906 'thesaurum-

138 939 561 997 insurrexerint
583 938 864 997 Lutherus
879 949 1052 1018 atque
1066 935 1340 997 Calvinus
1363 934 1496 995 cum
1513 936 1838 1016 agminibus
1861 941 1975 998 suis
1994 964 2010 1019 3
2040 963 2249 1002 verum

136 1032 282 1091 illud
307 1034 484 1111 magis
510 1033 705 1091 mirari
728 1023 925 1090 subest
944 1076 960 1105 ,
986 1030 1077 1088 his
1097 1029 1379 1090 haereticis
1403 1031 1581 1090 socios
1604 1053 1664 1091 se
1695 1031 1963 1111 adJecisse
1993 1057 2246 1117 nuperos

137 1129 365 1210 aliquot
383 1127 724 1206 TheologOS,
756 1127 856 1206 qui
881 1147 940 1184 se
973 1137 1173 1185 tamen
1203 1126 1515 1186 catholicos
1537 1129 1908 1208 profitentur.
1933 1132 2018 1188 Ne
2046 1132 2244 1213 itaque

138 1223 421 1301 ejusmodi
455 1222 714 1280 doctores
750 1220 859 1279 hoc
894 1220 1151 1280 thesauri
1187 1223 1427 1281 nomine
1471 1223 1879 1297 offendantur,
1926 1237 1984 1285 et
2024 1226 2246 1287 facilius

139 1316 471 1377 catholicam
506 1327 775 1374 tueamur
802 1315 1128 1375 doctrinam
1149 1363 1163 1392 7
1193 1320 1417 1395 juverit
1441 1318 1726 1378 nonnulla
1762 1322 1995 1399 majoris
2016 1324 2248 1405 perspi-

137 1411 360 1470 cuitatis
395 1411 575 1490 gratia
606 1411 982 1492 praemittere.

215 1506 319 1564 ³58.
374 1507 435 1562 1ο
461 1506 876 1567 Animadverto
896 1552 912 1582 s
942 1507 1474 1568 thesaurumistum
1496 1510 1999 1591 Indulgentiarum
2023 1515 2248 1574 fontem

139 1612 377 1659 eatenus
403 1613 665 1660 constare
703 1623 772 1660 ex
794 1603 1015 1661 meritis
1051 1603 1264 1678 Christi
1286 1616 1346 1663 et
1384 1606 1726 1665 Sanctorum
1750 1652 1766 1682 ‚
1803 1619 2088 1689 quatenus
2126 1609 2248 1669 h‘aec

136 1700 542 1775 satisfactoria
559 1709 729 1771 sunt3
762 1709 980 1756 norunt
1007 1699 1164 1758 enim
1190 1699 1466 1779 Theologi
1482 1723 1709 1776 omnes7
1738 1722 1912 1783 opera
1942 1701 2094 1764 bona
2120 1727 2244 1764 esse

136 1793 429 1852 meritoria
447 1839 462 1867 .,
499 1793 896 1874 impetratoria
925 1805 982 1853 et
1009 1794 1402 1853 satisfactoria.
1429 1797 1763 1856 ,Meritoria
1790 1796 1898 1856 sibi
1915 1844 1930 1871 .,
1967 1803 2252 1878 impetra-

136 1893 292 1946 toria
326 1899 386 1946 et
413 1887 518 1946 sibi
562 1898 620 1947 et
647 1887 798 1964 aliis,
837 1892 1284 1968 satisfactoria,
1317 1891 1363 1948 si
1403 1891 1477 1950 de
1512 1892 1731 1950 Sanctis
1764 1914 1954 1951 sermo
1988 1895 2061 1952 sit
2081 1940 2095 1969 7
2138 1916 2247 1976 pro

139 1984 252 2040 suis
285 1995 344 2041 et
373 1982 616 2041 aliorum
656 1982 865 2042 debitis
906 2006 920 2041 :
963 2005 1070 2064 pro
1103 1985 1217 2043 suis
1240 1986 1300 2042 in
1339 2007 1404 2044 eo
1428 2031 1442 2057 ,
1471 1986 1628 2067 quod
1648 1985 1720 2044 ob
1740 1988 2004 2068 proprias
2045 1981 2250 2071 culpas

140 2079 259 2136 Deo
277 2076 530 2151 debent3
558 2099 663 2159 pro
698 2078 941 2137 aliorum
965 2077 1174 2137 debitis
1197 2125 1213 2155 .,
1236 2101 1307 2139 ex
1332 2080 1833 2163 superabundanti
1863 2082 1972 2141 sibi
1998 2084 2073 2143 ad
2098 2106 2250 2143 com-

139 2174 542 2253 pensationem
567 2195 663 2232 seu
683 2172 862 2232 debiti
878 2172 1247 2234 solutionem.
1269 2176 1481 2250 Quare,
1499 2198 1632 2235 cum
1650 2177 1891 2236 dicimus
1908 2178 2249 2239 thesaurum

136 2280 400 2327 constare
437 2290 507 2327 ex
544 2273 810 2341 meritis,
849 2271 1192 2328 meritorum
1226 2292 1443 2350 nomen
1471 2271 1663 2331 latiori
1691 2295 1866 2332 sensu
1896 2287 2209 2357 usurpatur
2230 2322 2247 2353 ,

139 2384 353 2443 nempe
392 2386 499 2445 pro
541 2362 1096 2444 satisfactionibus,
1147 2377 1321 2448 atque
1353 2378 1419 2425 ut
1461 2368 1760 2428 nonnullis
1801 2369 2022 2451 placet,
2070 2373 2248 2432 etiam

140 2477 245 2536 pro
272 2464 819 2537 impetrationibus.

223 2551 328 2610 59.
375 2553 444 2609 20
490 2553 938 2629 Animadverte,
967 2557 1041 2614 ad
1078 2557 1389 2616 essentiam
1431 2557 1813 2638 Indulgentiae
1835 2604 1853 2634 ‚
1902 2582 1967 2620 ac
1998 2561 2248 2642 proinde

142 2645 320 2704 etiam
354 2644 429 2703 ad
463 2645 719 2706 thesauri
747 2647 1193 2729 applicationem
1231 2673 1352 2709 non
1382 2653 1598 2732 requiri
1630 2655 1832 2713 merita
1866 2656 2208 2716 Sanctorum
2228 2703 2245 2734 ,

139 2760 266 2821 quae
295 2763 414 2799 non
458 2741 754 2801 adduntur
783 2745 894 2802 nisi
922 2732 1110 2804 instar¹
1133 2747 1429 2825 cujusdam
1451 2749 1824 2808 adminiculi
1851 2773 1950 2810 seu
1982 2755 2246 2831 cumuli,

140 2845 205 2891 ut
238 2834 496 2917 loquitur
528 2838 794 2897 Clemens
829 2839 899 2897 VI
920 2886 935 2915 ‚
979 2851 1046 2898 ut
1080 2840 1217 2900 inde
1251 2842 1437 2902 honor
1467 2855 1525 2903 et
1561 2843 1739 2923 gloria
1778 2846 1990 2906 Christi
2027 2849 2248 2908 meritis

141 2933 444 3010 proveniat
464 2979 480 3007 ,
504 2944 563 2993 et
584 2955 657 2993 ne
675 2933 1095 2995 satisfactiones
1111 2938 1456 2997 Sanctorum
1472 2938 2027 3021 *superabundantes
2052 2944 2244 3003 otiosae

139 3039 433 3087 maneant.

211 3219 271 3280 (Ι)
307 3218 438 3284 Apud
484 3220 711 3271 Harduin.
768 3222 898 3272 Acta
955 3222 1141 3273 Concil.
1229 3223 1435 3291 quidam
1453 3234 1661 3274 errantes
1689 3235 1946 3274 autumant
1957 3242 2110 3294 ‚wzam
2127 3225 2247 3276 alio-

142 3308 254 3346 tom.
283 3319 330 3358 x,
362 3301 452 3351 col.
495 3320 637 3371 1209.
674 3304 796 3353 Huic
826 3306 969 3354 altera
998 3306 1148 3354 affinis
1230 3308 1351 3370 quin
1387 3323 1591 3354 essemus
1625 3306 1789 3356 saltem
1831 3307 1994 3371 aliqua
2033 3324 2091 3355 eat
2106 3316 2247 3374 parte

142 3389 209 3427 est
226 3378 431 3446 ejusdem
447 3381 544 3451 Baji
560 3389 775 3451 proposit.
794 3405 839 3434 n.
858 3403 963 3435 ux:
986 3387 1149 3454 Quan-
1231 3388 1552 3458 redemptores
1582 3411 1600 3448 ‚·
1645 3389 1724 3438 sed
1763 3389 1957 3453 aliquid
1995 3389 2242 3454 facimus,

141 3461 199 3508 do
232 3479 325 3526 per
361 3463 672 3531 eleemosynas
719 3468 911 3533 aliaque
952 3466 1151 3534 ‘pietatis
1233 3474 1371 3538 cujus
1403 3473 1586 3520 intuitu
1610 3471 1793 3519 Christi
1822 3471 2092 3536 satisfactio
2109 3472 2246 3520 uobis

138 3562 283 3612 opera
302 3543 407 3592 Deo
419 3548 746 3612 satisfacimus
754 3552 1012 3616 propositis
1028 3559 1144 3599 tem-
1227 3553 1500 3619 applicatur
1512 3562 1556 3601 et
1568 3553 1970 3603 communicatur.
1990 3553 2093 3619 Quo
2108 3572 2258 3628 sensu-

133 3627 413 3692 poralihus,
436 3645 534 3676 non
572 3630 772 3695 dignum
802 3634 1017 3698 pretium
1047 3631 1145 3681 Deo
1227 3635 1296 3682 hae
1355 3636 1683 3700 propositiones
1729 3636 1988 3701 proscriptae
2033 3635 2239 3691 fuerint,

133 3725 225 3774 pro
251 3712 463 3775 peccatis
494 3713 671 3761 nostris
709 3713 984 3778 offerimus,
1019 3716 1146 3763 sicut
1227 3717 1366 3780 paulo
1403 3725 1506 3782 post
1526 3716 1751 3765 dicemuS.
