2508 4120
275 82 394 140 252

926 96 1245 134 'maternus
1289 99 1358 134 DE>
1402 94 1773 139 MATRmO'Mo.

277 255 385 314 est,
417 239 773 302 adversarios
795 237 906 296 sibi
931 237 1316 316 Augustinum
1344 251 1509 298 tanta
1542 240 1752 301 fiducia
1777 243 2090 315 vindicare,
2114 260 2173 307 et
2201 271 2382 330 eppo»

275 360 414 398 nere
446 334 781 393 Innocentio
822 333 901 390 ΙΙΙ
938 343 998 391 et
1030 332 1334 414 Theologis
1372 335 1666 395 omnibus,

356 431 450 488 94.
498 432 650 486 Dum
672 428 869 509 itaque
889 429 951 486 in
979 429 1159 508 priori
1187 440 1351 488 textu
1374 476 1389 503 ,
1424 431 1522 511 qui
1551 430 1719 490 nobis
1746 433 2067 514 opponitur
2090 456 2158 493 ex
2180 435 2282 495 lib.
2312 440 2384 511 II,

274 525 528 584 Nullius
574 528 741 594 viri,
766 535 898 583 etc.
954 523 1206 582 affirmat
1245 525 1301 583 S.
1335 527 1582 600 Doctor,
1609 538 1749 585 tunc
1785 526 2088 586 mulierem
2131 528 2390 591 desinere

274 640 395 678 esse
421 640 664 678 uxorem
691 618 902 701 prioris
936 620 1079 692 viri,
1121 621 1168 678 si
1195 620 1303 678 iste
1338 621 1622 679 moriatur
1644 668 1658 695 ,
1693 622 1950 703 loquitur
1973 623 2048 682 de
2077 645 2210 681 casu
2234 624 2392 685 adul-

273 715 403 773 terii
425 760 440 789 ,
475 737 590 796 quo
607 737 727 773 non
746 714 893 775 solvi
910 716 1349 775 Matrimonium
1369 728 1702 797 propugnat
1717 717 1993 777 adversus
2014 717 2390 792 Pollentium,

273 811 374 891 qui
399 809 823 886 contendebat,
851 809 1206 870 adulterium
1242 832 1410 892 posse
1432 813 1610 870 morti
1649 813 2025 894 aequiparari,
2061 835 2124 873 ac
2149 814 2394 894 proinde

271 906 606 966 immediate
621 907 992 988 prosequitur
1008 906 1168 965 :Non
1185 911 1239 965 si
1247 910 1610 986 fornicetur,
1628 908 1836 989 quibus
1852 908 2044 969 verbis
2060 910 2253 991 explet
2268 932 2393 969 sen-

274 1003 542 1078 tentiam,
561 1023 691 1083 quae
710 1014 909 1062 tamen
922 1001 995 1060 ab
1014 1013 1268 1075 auctore,
1289 1024 1465 1084 quem
1480 1003 1818 1079 refellimus·,
1838 1005 2385 1086 praetermittuntur.

355 1099 452 1157 95.
505 1102 572 1157 ln
610 1099 791 1158 altero
825 1111 1023 1159 autem
1056 1109 1222 1159 textu
1256 1121 1377 1158 non
1410 1100 1629 1159 accedit
1672 1102 1724 1159 S.
1761 1101 2111 1180 Augustinus
2139 1101 2213 1159 ad
2242 1100 2393 1160 hane

273 1196 652 1276 quaestionem
674 1241 690 1269 ,
726 1195 831 1254 sed
866 1195 1106 1276 exponit
1142 1193 1320 1256 verba
1355 1195 1610 1277 Apostoli
1658 1218 1670 1253 ε
1706 1201 1916 1255 Ceteris
1950 1218 2046 1277 090
2082 1198 2245 1267 dioc,
2273 1218 2395 1256 non

274 1442 526 1491 Pollentius
558 1445 682 1491 enim
713 1444 967 1503 sentiebat,
997 1446 1189 1492 vetitum
1224 1443 1292 1492 ihi

275 1543 370 1573 csse
396 1543 421 1573 a
452 1525 595 1574 Paulo
619 1562 632 1583 ‚
669 1544 727 1573 ne
760 1530 977 1592 conjuges
1021 1531 1156 1574 etiam
1184 1528 1295 1574 infl-

272 1607 396 1655 deles
412 1608 700 1655 dimittantur
721 1626 745 1655 a
765 1607 998 1657 fidelibus.
1023 1609 1258 1661 Postremo
1277 1645 1290 1668 ,

271 1699 448 1756 atque,
490 1700 539 1737 ut
592 1693 651 1737 ita
692 1690 841 1737 dicam
872 1726 887 1749 ,
927 1692 1073 1740 obiter
1114 1694 1294 1755 attingit

273 1771 325 1821 S.
352 1771 640 1836 Augustinus
666 1777 966 1838 quaestionem
994 1776 1052 1822 de
1077 1775 1292 1822 cathecu-

273 1856 422 1903 menis
462 1857 513 1901 in
546 1856 709 1903 ultima
754 1859 856 1904 vitae
888 1857 1071 1920 periodo
1113 1858 1292 1904 consti-

273 1938 382 1984 tutis
405 1974 418 1994 ,
451 1956 509 1984 an
536 1940 592 1985 iis
616 1954 703 1985 nec
731 1937 991 2002 petentibus
1020 1955 1172 2004 neque
1206 1955 1290 2002 pro

275 2036 322 2067 se
353 2019 627 2083 respondere
667 2021 925 2068 valentibus
960 2023 1101 2085 prosit
1137 2020 1290 2084 bapti-

273 2108 372 2153 zari
393 2143 406 2164 ,
437 2122 490 2154 ae
523 2107 707 2154 resolvit
734 2107 1024 2156 affirmative.
1062 2108 1115 2154 In
1140 2118 1293 2172 poste·

274 2189 386 2234 riori
418 2198 573 2235 autem
600 2187 719 2236 libro
755 2188 804 2237 S.
829 2189 1000 2237 Doctor
1024 2192 1173 2255 arguit
1187 2189 1293 2236 1²01-

274 2269 502 2330 lentium,
543 2287 596 2318 eo
632 2271 758 2336 quod
783 2274 1127 2331 existimaverit,
1156 2271 1292 2319 adul-

276 2355 389 2402 terio
421 2354 610 2418 perinde
645 2365 785 2420 atque
805 2365 948 2404 morte
986 2357 1099 2403 solvi
1127 2359 1291 2421 conju-

275 2440 399 2500 gium
420 2475 433 2494 ,
468 2438 525 2484 ad
547 2437 686 2503 idque
714 2447 934 2502 spectare,
966 2438 1091 2503 quod
1135 2437 1293 2485 scribit

274 2519 515 2584 Apostolus
530 2557 541 2577 ‚
569 2537 581 2566 ι
614 2519 671 2567 ad
695 2520 803 2568 Cor,
822 2521 883 2567 vit
901 2557 913 2580 ,
945 2520 1010 2584 39
1033 2537 1046 2568 :
1084 2518 1226 2586 Quod
1248 2521 1295 2567 si

274 2601 521 2648 dormierit
547 2602 623 2648 vir
648 2603 773 2665 ejus,
791 2601 994 2650 liberata
1011 2610 1081 2649 est
1107 2640 1120 2661 ,
1157 2605 1219 2649 ita
1240 2611 1293 2649 ut

280 2702 428 2732 unum
458 2685 676 2750 idemque
717 2687 943 2750 significet
970 2694 1214 2733 mortuum
1250 2695 1294 2734 et

274 2766 562 2815 adulterum.
593 2767 773 2816 Deinde
805 2769 941 2816 diluit
976 2766 1188 2816 Pollentii
1211 2784 1289 2814 ar-

275 2857 491 2914 gumenta
513 2885 527 2910 ,
544 2866 597 2897 ac
626 2851 748 2896 varia
765 2849 990 2908 confutat,
1020 2865 1120 2913 quae
1150 2848 1291 2895 subo-

280 2933 359 2978 riri
393 2930 588 2979 timebat
630 2930 926 2978 incommoda
956 2966 969 2989 ,
1020 2930 1108 2976 nisi
1152 2946 1290 2993 repu-

279 3013 404 3061 diata
425 3013 630 3061 adultera
657 3013 793 3060 aliam
823 3012 991 3060 ducere
1021 3014 1120 3059 viro
1137 3011 1289 3059 liceat.

282 3094 441 3161 Itaque
456 3097 505 3142 in
521 3095 722 3142 secunda
739 3095 995 3159 quaestione
1019 3093 1159 3159 hujus
1186 3107 1291 3156 pos-

277 3180 453 3225 terioris
493 3177 600 3224 libri
644 3161 854 3224 obserbat
887 3174 935 3223 S.
970 3176 1253 3240 Augustinus
1275 3211 1288 3233 ‚

277 3259 402 3324 quod
420 3260 650 3308 dimittere
667 3262 911 3326 conjugem
942 3257 1178 3305 infidelem
1203 3273 1289 3305 nec

279 3350 401 3388 vetet
418 3359 505 3389 nec
523 3343 685 3407 jubeat
711 3342 918 3391 Christus
935 3378 948 3400 ‚
977 3349 1160 3387 moneat
1186 3356 1291 3387 vero

276 3422 442 3470 Paulus
472 3440 528 3470 ne
555 3426 663 3485 fiat,
695 3424 881 3491 quando
917 3423 1088 3471 scilicet
1116 3425 1198 3469 iste
1216 3425 1290 3467 in-

275 3503 423 3552 fidelis
464 3509 686 3554 consentit
725 3507 933 3555 habitare
982 3522 1091 3554 cum
1130 3503 1282 3560 fideli,

276 3590 384 3653 quia
415 3590 496 3636 etsi
527 3587 683 3636 liceret
714 3606 765 3636 ex
802 3588 981 3636 Christo
1008 3588 1053 3635 id
1099 3586 1245 3634 facere
1272 3623 1286 3645 ,

1378 1461 1475 1493 non
1503 1455 1659 1493 tamen
1697 1445 1908 1509 expediat
1945 1445 2004 1493 ob
2034 1447 2185 1509 gravia
2216 1446 2392 1492 incom-

1378 1527 1536 1584 moda,
1554 1542 1655 1591 quae
1670 1526 1835 1574 exinde
1853 1528 2099 1586 orirentur,
2122 1528 2231 1591 quia
2245 1526 2390 1573 multa

1375 1619 1499 1665 sunt,
1523 1624 1627 1673 quae
1640 1609 1736 1656 fieri
1754 1608 1908 1668 licent,
1925 1618 1971 1655 at
1989 1625 2091 1655 non
2111 1608 2389 1672 expediunt3

1376 1693 1458 1739 etsi
1489 1693 1614 1738 enim
1646 1688 1735 1737 hoc
1769 1692 1997 1756 injustum
2025 1707 2123 1737 non
2157 1693 2248 1748 sit,
2272 1705 2389 1754 pro-

1376 1771 1502 1819 hibet
1527 1782 1690 1820 tamen
1719 1769 1974 1837 Apostolus
2000 1770 2200 1818 consilio
2231 1769 2392 1818 chari-

1375 1855 1505 1902 tatis.
1537 1853 1739 1902 Demum
1759 1870 1860 1919 cap.
1889 1869 1953 1900 20
1983 1853 2182 1901 ostendit
2209 1849 2259 1900 S.
2293 1850 2391 1900 Au·-

1376 1939 1582 2001 gustinus
1601 1973 1613 1996 ,
1640 1936 1698 1984 de
1714 1935 1987 2001 conjugibus
2016 1934 2283 1983 infidelibus
2298 1952 2393 1983 non

1376 2018 1662 2066 dimittendis
1705 2017 1959 2066 consilium
2003 2017 2205 2082 Apostoli
2253 2034 2346 2065 esse
2376 2054 2390 2076 ,

1376 2117 1472 2146 non
1500 2107 1819 2164 praeceptum,
1850 2110 1894 2146 et
1926 2108 2191 2146 constanter
2223 2100 2392 2145 insistit

1375 2185 1425 2228 in
1456 2181 1547 2228 illis
1584 2180 1734 2228 verbis
1778 2198 1791 2227 τ
1835 2177 1897 2229 Si
1933 2182 2041 2244 quis
2067 2180 2221 2244 frater
2253 2178 2395 2227 habet

1376 2280 1570 2312 aucorem
1610 2262 1851 2326 infidelem
1892 2299 1905 2321 ‚
1956 2274 2043 2311 etc.
2091 2263 2232 2310 aliam
2282 2281 2391 2312 vero

1376 2356 1551 2411 partem
1570 2382 1585 2407 7
1619 2350 1670 2394 in
1686 2365 1776 2411 qua
1801 2348 2007 2394 consistit
2033 2347 2296 2410 quaestionis
2311 2362 2395 2393 no-

1376 2438 1475 2476 strae
1490 2429 1629 2476 cardo
1657 2445 1671 2476 ε
1694 2428 1836 2494 Quod
1861 2429 1907 2474 si
1927 2426 2139 2491 infidelis
2165 2426 2392 2485 discedit,

1375 2511 1617 2566 discedat,
1651 2510 1781 2558 nulla
1810 2527 2017 2575 unquam
2050 2511 2223 2557 ratione
2257 2511 2396 2557 attin-

1376 2597 1459 2657 git.
1509 2594 1699 2642 Brevem
1747 2594 1866 2640 hanc
1913 2591 2144 2640 voluimus
2199 2592 2391 2639 duorum

1376 2679 1570 2724 istorum
1597 2675 1818 2722 librorum
1840 2711 1852 2733 ,
1886 2672 1957 2723 De
1981 2672 2270 2720 adulterinis
2283 2687 2394 2719 con-

1359 2760 1553 2824 juqiis,
1594 2758 1819 2821 analysim
1868 2759 2138 2813 instituere,
2182 2764 2286 2802 tum
2341 2765 2392 2802 ut

1376 2849 1543 2904 pateat,
1572 2856 1713 2904 quam
1742 2854 1904 2901 parum
1926 2837 2166 2884 fidendum
2197 2838 2257 2883 sit
2286 2853 2396 2884 neo-

1376 2923 1524 2969 tericis
1558 2919 1854 2974 doctoribus,
1893 2919 2006 2966 dum
2053 2924 2179 2965 tanta
2222 2917 2394 2966 fiducia

1374 3002 1548 3065 jactant
1584 3004 1899 3050 auctoritatem
1944 2998 1992 3048 S.
2035 2999 2309 3064 Augustini,
2345 3010 2395 3047 ut

1374 3097 1568 3150 arguant
1589 3085 1798 3134 Ecclesiae
1814 3086 2011 3149 praxim3
2025 3093 2122 3131 tum
2148 3094 2200 3130 ut
2222 3092 2391 3147 pateat,

1374 3171 1602 3233 principia
1634 3166 1867 3234 generalia
1887 3203 1901 3225 ,
1935 3184 2034 3231 quae
2060 3168 2146 3228 ipsi
2168 3163 2396 3230 objiciunt

1375 3269 1427 3299 ex
1458 3247 1509 3299 S.
1554 3250 1837 3315 AugustinO,
1883 3265 1978 3295 esse
2003 3247 2282 3295 coarctanda
2335 3245 2393 3293 ad

1375 3333 1666 3381 substratam·
1686 3334 1940 3380 materiam.
1963 3330 2068 3378 Haec
2094 3329 2207 3378 vidit
2236 3327 2391 3374 Binte-

1380 3419 1466 3464 rim
1494 3433 1507 3477 3
1540 3416 1677 3472 hinc,
1717 3424 1767 3461 ut
1803 3430 1906 3460 mox
1948 3412 2184 3467 dicemus,
2226 3411 2275 3455 in
2310 3424 2392 3471 pa-

1377 3500 1626 3546 trocinium
1657 3514 1798 3545 causae
1816 3511 1907 3543 suae
1918 3511 2012 3542 non
2026 3486 2275 3541 adscivitS.
2294 3487 2390 3535 Do·-

1371 3591 1561 3629 ctorem.
