2508 4120
475 198 596 239 cAP.
649 202 712 237 11.
760 200 827 236 nn
871 189 1210 237 mnnmomi
1254 196 1727 235 seorsim-umus·
2038 172 2158 232 239

65 346 381 408 neotericos
417 364 650 415 omneS‚
682 343 781 423 qui
822 340 1165 423 plerumque
1198 340 1447 421 permoti
1477 338 1754 400 videntur
1776 333 1850 395 ad
1870 355 1999 395 eam
2023 352 2160 394 sen-

66 442 310 502 tentiam
330 437 842 520 propugnandam,
877 435 1032 517 quod
1057 435 1344 493 contraria
1361 435 1435 492 sit
1461 434 1512 493 ei
1536 478 1552 507 ,
1583 454 1759 514 quam
1782 430 2037 512 sequitur
2052 431 2161 489 Ec·-

66 535 233 595 clesia
263 537 518 592 Romana
539 577 555 595 ,
589 542 866 590 assertam
895 529 1354 610 propositionem
1379 527 1753 587 adstruimus,

151 630 246 688 67.
296 629 394 690 Illa
426 627 740 709 propositio
770 635 929 684 certa
959 621 1249 682 censenda
1276 632 1363 680 est
1382 666 1398 695 7
1439 633 1498 680 et
1521 642 1552 679 a
1583 620 1782 701 quovis
1816 619 2048 679 cordato
2075 640 2164 678 ca-

68 724 283 784 tholico
310 722 561 782 tenenda
583 767 598 795 ,
637 741 764 802 quae
790 718 1037 778 solidum
1066 715 1244 775 habet
1265 717 1326 773 in
1347 715 1652 796 Scripturis
1684 713 2159 789 fundamentum,

71 831 246 900 atque
275 818 336 876 in
359 816 652 875 communi
681 817 918 874 Petrum
955 811 1215 870 doctrina
1237 855 1254 886 ,
1295 809 1360 868 in
1395 812 1790 869 Romanorum
1822 810 2167 869 Pontificum

73 913 314 971 decretis
335 912 475 970 etin
505 909 793 969 constanti
822 900 1071 966 Ecclesiae
1093 906 1293 987 praxi3
1334 926 1576 987 quaeque
1604 903 1843 964 demum
1872 903 2165 963 communi

73 1006 491 1085 Theologorum
521 1016 579 1063 et
608 1003 1051 1062 Canonistarum
1091 1000 1358 1079 suffragio
1397 999 1627 1080 gaudet.
1674 996 1826 1058 Talis
1869 1021 2043 1081 porro
2079 1009 2167 1059 est

75 1113 287 1159 asserta
312 1099 645 1181 propositio.

159 1195 255 1254 68.
310 1192 651 1252 10'Solidum
689 1190 1137 1249 fundamentum
1179 1190 1549 1249 enunciatam
1593 1189 1804 1248 thesim
1850 1188 2062 1248 habere
2106 1190 2171 1248 in

77 1289 417 1370 ScripturiS‚
439 1298 675 1346 constat
706 1307 774 1345 ex
809 1285 1002 1344 verbis
1036 1284 1325 1366 Apostoli,
1353 1283 1473 1343 lad
1494 1285 1624 1343 Cor.
1664 1285 1790 1359 VII,
1825 1284 1897 1342 10
1927 1295 1987 1343 et
2009 1305 2169 1365 seqq.

79 1387 167 1443 Iis
191 1395 387 1442 autem
406 1429 422 1451 ,
458 1387 570 1460 qui
594 1382 988 1441 ,Matrimonio
1002 1384 1217 1458 juncti
1243 1391 1415 1448 sunt,
1441 1383 1737 1458 proecipio
1770 1400 1889 1438 non
1919 1401 2047 1459 cqc,
2073 1378 2180 1438 sed

80 1481 404 1546 Dominus,
445 1498 689 1535 uxorem
740 1498 778 1533 a
820 1481 948 1534 viro
990 1497 1110 1533 non
1151 1476 1457 1533 discedere.
1504 1475 1676 1553 Quod
1713 1479 1770 1532 si
1806 1476 2175 1549 discesserit,

80 1594 321 1630 manere
350 1578 673 1650 innuptam
688 1617 704 1639 ,
728 1581 840 1628 aut
858 1574 986 1628 viro
1007 1590 1112 1627 suo
1139 1570 1536 1627 reconciliari.
1559 1570 1647 1627 Et
1668 1574 1764 1626 vir
1785 1589 2030 1627 umorem
2053 1590 2177 1626 non

80 1668 367 1724 dimittat.
412 1669 567 1724 Nam
605 1669 811 1724 ceteris
845 1686 941 1744 690
974 1665 1136 1733 dice,
1161 1684 1279 1722 non
1326 1665 1620 1722 Dominus
1652 1687 1670 1720 .·
1698 1664 1770 1721 Si
1801 1667 1936 1741 quis
1980 1666 2181 1741 frater

83 1782 327 1819 uxorem
355 1761 527 1818 habet
543 1761 867 1837 infidelem,
894 1769 949 1816 et
969 1760 1090 1817 koec
1119 1761 1407 1816 consentit
1429 1758 1701 1816 hahitare
1725 1779 1863 1816 cum
1893 1759 1992 1816 illo
2007 1800 2027 1829 ,
2044 1780 2180 1820 non,

84 1858 349 1914 dimittat
375 1857 564 1914 illam.
593 1856 680 1913 Et
708 1858 765 1911 si
793 1875 913 1931 qua
944 1855 1167 1911 mulier
1188 1854 1381 1930 fidelis
1417 1853 1591 1909 habet
1624 1858 1828 1910 virum
1854 1853 2180 1928 infidelem,

86 1962 140 2007 et
167 1952 262 2008 hic
293 1955 579 2008 consentit
616 1950 888 2025 habitare
923 1970 1063 2006 cum
1094 1950 1230 2016 illa,
1261 1968 1381 2005 non
1412 1948 1679 2004 dimittat
1700 1950 1970 2005 virum...
2013 1948 2189 2027 Quod

87 2048 143 2102 si
168 2046 423 2123 infidelis
450 2045 726 2111 discedit,
755 2044 1020 2101 discedat
1052 2063 1073 2111 ;
1112 2064 1232 2100 non
1263 2046 1427 2100 enim
1463 2043 1738 2100 servituti
1771 2043 2066 2119 subjectus
2098 2051 2183 2101 est

83 2143 283 2217 frater
306 2150 420 2196 aut
442 2159 606 2197 soror
633 2143 701 2195 in
744 2138 1110 2215 hujusmodi.
1141 2137 1219 2195 In
1234 2158 1382 2215 pace
1403 2146 1602 2193 autem
1620 2139 1846 2194 vocavit
1869 2158 1973 2194 nos
1999 2138 2182 2196 Deus·

66 2230 68 2234 ’
88 2233 425 2315 Apostolum
451 2254 586 2297 vero
607 2232 699 2303 hic
714 2232 871 2312 loqui
895 2231 966 2290 de
985 2231 1269 2290 solutione
1285 2228 1475 2311 quoad
1501 2229 1822 2305 vinculum,
1843 2253 1964 2289 non
1987 2242 2185 2291 autem

89 2341 317 2388 tantum
343 2328 533 2410 quoad
554 2329 813 2402 thorum,
841 2329 1211 2387 manifestum
1236 2330 1302 2386 fit
1329 2328 1390 2386 1ο
1415 2349 1485 2387 ex
1505 2328 1810 2401 antithesi,
1836 2349 2010 2408 quam
2025 2329 2186 2390 insti·

91 2426 203 2483 tuit
236 2426 388 2482 inter
418 2425 675 2501 conjugia
712 2423 972 2482 fidelium
1001 2435 1060 2482 et
1085 2423 1346 2501 conjugia
1374 2423 1437 2478 in
1473 2421 1817 2480 infidelitate
1862 2424 2021 2501 prius
2049 2444 2188 2482 con-

95 2527 273 2574 tracta
294 2561 310 2589 .‚
342 2527 514 2596 atque
543 2537 612 2574 ex
642 2515 855 2596 dispari
883 2516 1233 2590 conditione,
1266 2536 1443 2595 quam
1461 2515 1614 2572 inter
1632 2512 1911 2592 ejusmodi
1927 2517 2188 2596 conjugia

95 2610 451 2669 intercedere
491 2608 766 2668 declarat.
810 2611 1082 2688 Conjugia
1123 2610 1281 2669 enim
1325 2609 1478 2667 inter
1514 2609 1709 2669 fideles
1746 2610 1892 2669 inita
1937 2611 2188 2672 affirmat

94 2726 217 2764 esse
238 2704 495 2763 absolute
526 2703 942 2762 indissolubilia
977 2703 1169 2785 quoad
1191 2703 1522 2763 vinculum:
1553 2727 1686 2764 cum
1709 2705 1862 2765 dicat
1895 2729 1908 2765 z
1946 2709 2119 2788 Quod
2134 2711 2190 2767 si

96 2799 459 2876 discesserit(
483 2798 666 2856 fidelis
690 2819 1051 2879 quacumque
1080 2820 1151 2857 ex
1170 2819 1335 2857 causa
1354 2800 1375 2876 )
1393 2843 1408 2872 ,
1436 2821 1678 2859 manere
1701 2806 2057 2880 innuptam,
2081 2814 2192 2865 aut

100 2898 226 2952 ciro
253 2916 355 2953 suo
385 2892 773 2951 reconciliari
783 2913 803 2960 ;
830 2894 1094 2973 conjugia
1133 2914 1268 2952 vero
1306 2914 1337 2952 6
1369 2905 1566 2952 contra
1596 2895 1655 2953 in
1683 2896 2024 2956 infidelitate
2043 2899 2190 2957 inita

103 2986 450 3046 dissolubilia
488 3009 610 3047 esse
653 2989 883 3061 asserit,
921 2989 1115 3046 dicens
1149 3009 1162 3045 ε
1200 2988 1369 3067 Quod
1389 2994 1445 3046 si
1465 2991 1720 3067 infidelis
1758 2992 2035 3059 discedit,
2067 2994 2191 3052 dis-

103 3083 297 3151 cedat,
322 3083 462 3164 quin
487 3081 664 3140 ullam
688 3093 944 3162 apponat
968 3083 1423 3155 restrictionem;
1449 3084 1566 3142 imo
1589 3087 1765 3165 magis
1788 3085 1938 3145 hanc
1961 3086 2192 3147 liberta-

103 3187 224 3233 tem
247 3175 512 3253 declarat,
532 3177 599 3235 ad
600 3175 851 3254 Jiciendo
869 3197 882 3234 z
903 3176 1044 3236 Non,
1068 3181 1229 3235 enim
1258 3183 1558 3250 servituti,
1590 3192 1696 3239 etc.
1721 3182 1787 3238 20
1803 3183 1890 3240 Ex
1913 3202 1979 3240 eo
2005 3182 2187 3263 quod,

105 3270 152 3326 si
185 3270 484 3349 Apostolus
525 3271 757 3330 nonnisi
808 3269 882 3328 de
929 3272 1292 3352 separatione
1338 3274 1528 3353 quoad
1575 3274 1811 3332 thorum
1858 3286 1959 3333 aut
2001 3279 2194 3358 quoad

110 3362 523 3422 habitationem
556 3364 714 3446 loqui
748 3363 1022 3423 voluisset
1041 3410 1057 3439 .,
1083 3366 1227 3424 nihil
1253 3368 1497 3426 omnino
1522 3369 1885 3446 concessisset
1908 3369 2062 3430 fideli
2091 3393 2195 3431 su-

109 3480 213 3540 per
237 3457 565 3530 infidelem,
608 3457 765 3539 quod
797 3460 919 3535 jam
949 3480 1070 3517 non
1101 3472 1249 3520 esset
1284 3461 1347 3519 in
1389 3465 1511 3540 ejus
1542 3462 1859 3539 potestate3
1898 3485 2028 3524 cum
2057 3467 2194 3526 infi-

111 3553 252 3612 delis
270 3597 285 3625 ‚
318 3553 656 3611 discessione
682 3575 780 3610 sua
816 3554 1005 3641 quoad
1030 3553 1265 3614 thorum
1291 3567 1350 3615 et
1372 3556 1857 3617 cohabitationem
1875 3604 1890 3634 7
1912 3564 2038 3638 jam
2069 3563 2196 3620 Ma-

111 3647 450 3707 trimonium
476 3646 834 3722 dissolverit3
866 3668 1031 3727 ergo,
1068 3650 1177 3711 nisi
1203 3649 1457 3711 dicamus
1474 3695 1491 3726 ,
1516 3660 1616 3710 aut
1642 3672 2066 3735 supervacanea
2093 3665 2195 3717 aut
