2566 4126
356 162 471 220 118

1062 181 1386 219 TRACTATUS
1428 184 1497 220 DE
1539 184 1768 221 Onnum.

1214 338 1456 398 CAPUT
1499 339 1596 397 111.

629 524 697 560 DE
742 521 1128 560 EPISCOPORUM
1173 522 1561 562 PRAESTANTIA
1601 523 1778 563 sumu
1821 524 2209 564 PRESBYTEROS.

435 697 535 755 92.
586 696 785 775 Magni
815 696 1107 756 momenti
1141 695 1537 758 controversia
1563 706 1651 755 est
1669 742 1686 770 7
1727 717 1902 777 quam
1931 696 2210 759 adversus
2240 696 2487 778 presby-

354 792 613 851 terianos
639 792 985 874 suscipimus
1008 839 1023 868 7
1059 794 1160 874 qui
1193 793 1343 851 Ae'rii
1365 838 1380 868 7
1408 794 1480 850 IV
1508 791 1683 851 seculi
1706 794 2003 851 novatoris
2022 837 2039 867 7
2067 805 2123 853 et
2145 792 2488 853 Wicleffita-

353 910 490 948 rum
522 909 587 947 ac
617 887 1023 949 Waldensium
1053 887 1325 948 liaeresim
1361 899 1727 947 renovarunt
1765 887 1839 946 de
1868 888 2206 947 omnimoda
2250 890 2487 970 Episco-

354 1006 570 1067 porum
589 1006 720 1044 cum
742 983 1102 1065 Presbyteris
1117 984 1471 1066 aequalitate7
1492 985 1613 1046 sive
1630 983 1822 1066 quoad
1839 995 2195 1065 potestatem
2211 983 2451 1065 Ordinis
2471 1029 2487 1060 7

357 1082 482 1140 sive
522 1080 716 1164 quoad
752 1092 1107 1163 potestatem
1134 1080 1575 1159 jurisdictionis
1608 1082 1756 1140 Cum
1782 1103 1920 1143 vero
1950 1080 2025 1141 de
2058 1091 2346 1163 potestate
2375 1082 2490 1140 Or-

354 1175 508 1235 dinis
530 1222 546 1251 7
593 1198 696 1236 seu
731 1175 1016 1236 Ordinem
1053 1176 1394 1236 conferendi
1432 1175 1738 1259 peculiaris
1776 1176 2094 1260 disputatio
2131 1175 2491 1235 instituenda

354 1272 466 1348 sit,
506 1271 602 1331 hic
637 1272 712 1331 de
741 1272 1078 1354 praestantia
1114 1283 1351 1331 tantum
1393 1294 1630 1353 agemus
1652 1318 1668 1347 7
1710 1294 1839 1355 quae
1877 1273 2170 1356 Episcopis
2210 1271 2494 1354 competit

356 1388 534 1448 super
560 1366 935 1449 Presbyteros
961 1366 1157 1449 quoad
1180 1367 1530 1448 dignitatem
1551 1414 1567 1444 7
1595 1368 1844 1449 gradum
1867 1390 1931 1428 ac
1953 1379 2309 1451 potestatem
2327 1413 2343 1443 7
2366 1387 2493 1449 quae

356 1464 554 1523 omnia
582 1463 690 1523 sub
715 1463 971 1544 generali
1000 1463 1420 1543 jurisdictionis
1450 1466 1693 1526 nomine
1716 1464 2142 1547 comprehendi
2168 1464 2377 1524 solent.
2406 1463 2492 1522 Sit

355 1559 531 1638 igitur

1211 1711 1642 1767 PROPOSITIO.

561 1856 857 1937 Episcopi
894 1867 1041 1915 sunt
1079 1857 1460 1936 Presbyteri-³
1502 1862 1840 1938 superiores
1862 1861 2018 1936 jure
2062 1856 2292 1915 divino.

446 2019 545 2079 93.
597 2021 759 2079 Prior
788 2020 1200 2103 propositionis
1223 2043 1359 2104 pars
1395 2032 1484 2081 est
1513 2021 1587 2081 de
1610 2020 1760 2098 fide7
1798 2032 2004 2103 utpote
2038 2020 2130 2080 his
2166 2017 2360 2081 verbis
2394 2017 2496 2079 de·

360 2118 525 2174 finita
550 2138 583 2174 a
607 2116 949 2175 Tridentina
969 2116 1200 2197 Synodo
1217 2163 1232 2192 7
1250 2140 1390 2176 sess,
1411 2120 1631 2193 XXIII,
1658 2139 1787 2176 can.
1812 2119 1921 2176 VII
1943 2139 1957 2175 ε
1987 2119 2061 2175 Sa·
2082 2120 2222 2196 quis
2240 2117 2495 2183 dixerit,

361 2213 691 2290 Episcopos
718 2233 836 2269 non
870 2234 985 2270 esse
1021 2213 1398 2291 Presbyteris
1434 2218 1840 2291 supe-riores...
1879 2213 2202 2270 anathema
2230 2215 2326 2268 sit.
2354 2211 2494 2268 Pars

360 2327 503 2366 vero
532 2307 819 2388 posterior
838 2352 853 2380 7
879 2328 992 2387 qua
1026 2307 1149 2366 haec
1172 2309 1508 2389 praestantia
1515 2313 1669 2387 jure
1690 2310 1897 2366 divino
1921 2307 2198 2366 asseritur
2219 2353 2234 2382 7
2260 2305 2395 2364 licet
2421 2304 2496 2364 de

363 2401 480 2461 fide
507 2424 629 2461 non
654 2403 730 2461 sit
750 2447 766 2477 7
812 2423 945 2461 cum
983 2402 1398 2462 Tridentinum
1429 2404 1492 2463 id
1519 2403 1778 2463 noluerit
1803 2423 2076 2485 expresse
2102 2401 2347 2462 definire
2373 2399 2497 2482 (l),

429 2624 500 2688 (l)
539 2623 638 2673 Cfr.
658 2624 798 2673 Card.
819 2624 1088 2674 pallavicini
1104 2664 1116 2685 7
1137 2623 1301 2674 Storia
1316 2624 1397 2673 del

366 2705 585 2754 Concilio
615 2706 671 2754 di
707 2707 887 2755 Tremo
922 2747 940 2768 ,

367 2786 460 2852 14,
504 2788 586 2837 ubi
626 2789 765 2837 refert
814 2792 1040 2838 contraria
1078 2801 1158 2838 aut
1213 2791 1393 2840 diversa

358 2868 547 2917 Patrum
581 2868 968 2919 Tridentinorum
1011 2871 1233 2936 suffragia
1267 2875 1390 2921 circa

979 2708 1064 2756 lib.
1108 2723 1247 2765 xv¹117
1282 2725 1388 2775 cap.

361 2953 492 3000 hunc
520 2952 740 3001 doctrinae
760 2953 1005 3001 articulum
1029 2991 1042 3012 7
1073 2963 1123 3002 et
1148 2954 1392 3020 plerosque

363 3034 518 3084 Patres
536 3038 795 3099 censuisse,
816 3039 1185 3101 superioritatem
1201 3037 1392 3102 Episco-

363 3138 529 3183 porum
550 3157 564 3180 7
607 3136 713 3185 quae
743 3122 951 3168 consistit
984 3123 1033 3167 in
1067 3130 1290 3185 potestate
1320 3123 1391 3187 ju·

365 3203 670 3264 risdictionis‚
697 3220 794 3251 non
813 3219 910 3250 esse
930 3221 955 3251 a
971 3202 1069 3251 Deo
1086 3204 1361 3251 immediate
1376 3241 1390 3264 7

365 3285 445 3331 sed
482 3286 632 3333 solum
665 3286 867 3333 mediate
885 3306 904 3343 ‚·
934 3286 1133 3341 deinde,
1160 3303 1262 3351 cap.
1303 3284 1389 3347 157

366 3368 503 3415 refert
520 3370 746 3434 prolixam
771 3370 824 3420 P.
855 3370 1025 3418 Lainez
1059 3373 1312 3419 orationem
1333 3371 1392 3419 ad

368 3448 490 3497 hanc
532 3454 677 3514 ipsam
719 3456 996 3502 sententiam
1051 3463 1241 3500 strenue
1281 3471 1390 3517 pro-

366 3533 667 3597 pugnandam
692 3572 705 3595 7
746 3536 828 3584 ubi
873 3536 1075 3585 notanda
1112 3547 1219 3584 sunt
1251 3536 1391 3585 verba

365 3616 653 3678 Pallavicini7
664 3619 890 3686 quihus‚§
910 3618 1085 3685 147cap.
1108 3637 1123 3667 ι
1135 3619 1182 3678 5,
1200 3623 1392 3684 exponit

360 3701 708 3764 responsionem
758 3701 932 3751 Laiuez
966 3703 1148 3752 duabus
1183 3702 1398 3752 adversa·

1475 2629 1652 2675 riorum
1675 2624 2060 2686 difficultatibus,
2089 2626 2278 2673 alteram
2301 2627 2498 2689 petitam

1475 2709 1535 2758 ab
1552 2710 1713 2758 haeresi
1732 2711 1855 2758 Aerii
1874 2746 1888 2768 7
1916 2707 2104 2756 alteram
2123 2723 2232 2756 vero
2250 2725 2274 2754 a
2296 2706 2495 2754 Constit.

1473 2792 1664 2840 Martini
1685 2810 1730 2840 v.
1750 2794 1829 2839 La
1855 2794 2059 2855 risposta
2082 2789 2144 2852 fu
2163 2824 2175 2847 7
2196 2787 2379 2846 scribit,
2412 2785 2496 2834 che

1472 2873 1658 2921 l’eresia
1695 2873 1751 2920 da·
1779 2871 1829 2921 A
1837 2874 1936 2919 erio
1978 2889 2060 2919 era
2091 2869 2134 2918 il
2161 2869 2294 2925 dire,
2340 2870 2458 2917 tutti
2475 2871 2499 2917 i

1473 2953 1612 3003 Preti
1639 2955 1836 3003 secondo
1874 2953 1922 3001 la
1953 2954 2130 3018 raqion
2160 2952 2330 2999 divina
2370 2968 2496 2999 esser

1474 3037 1652 3102 aquali
1671 3075 1683 3096 7
1703 3037 1823 3085 onde
1837 3038 1890 3084 vi
1910 3035 2252 3101 comprendeva
2270 3033 2311 3081 il
2319 3050 2498 3081 sommo

1477 3120 1723 3184 Pontefice
1741 3156 1754 3180 ,
1783 3118 1823 3167 il
1848 3118 1985 3184 quale
2011 3118 2064 3166 di
2085 3119 2256 3182 reqion
2272 3116 2446 3165 divina
2472 3117 2497 3163 e

1472 3206 1719 3269 superiore
1740 3219 1771 3250 a
1796 3202 1925 3251 tutti.
1959 3202 2154 3268 Quanto
2168 3218 2247 3249 era
2263 3199 2360 3248 alla
2375 3197 2497 3247 bolla

1473 3286 1528 3334 di
1544 3287 1767 3334 Martino
1787 3324 1800 3344 7
1821 3287 2008 3333 osservo
2038 3303 2050 3332 :
2073 3284 2403 3332 condannarsi
2407 3298 2501 3347 per

1472 3372 1640 3417 eretioi
1666 3369 1795 3417 dalla
1817 3368 1991 3417 Chiesa
2013 3385 2194 3416 ancora
2213 3365 2361 3432 quelli
2373 3400 2386 3422 7
2411 3363 2496 3412 che

1476 3453 1650 3500 dicono
1680 3470 1705 3500 ο
1726 3455 1880 3517 samio
1908 3452 2083 3499 alcuna
2113 3466 2223 3499 cosa
2258 3454 2421 3496 contro
2445 3444 2497 3492 al

1472 3536 1642 3583 diritto
1672 3535 1989 3583 ecclesiastico
2012 3572 2025 3595 ,
2074 3532 2272 3599 qualora
2300 3545 2387 3577 oon
2424 3529 2499 3575 cio

1472 3620 1520 3666 si
1547 3627 1724 3666 mostra
1757 3619 2041 3666 sentimenta
2070 3613 2309 3664 contrario
2331 3610 2397 3658 ad
2418 3609 2493 3657 al-

1482 3719 1609 3750 cuna
1657 3703 1808 3750 verini
1853 3700 1901 3750 Ia
1942 3699 2058 3766 qual
2086 3701 2161 3748 sia
2203 3697 2257 3745 di
2296 3696 2497 3760 raqione
