2508 4120
420 185 542 225 cn.
591 186 674 224 111.
720 185 786 222 mi
833 185 1228 223 mammem-is
1274 183 1610 221 naraimouu
1633 206 1649 235 ,
1695 184 1812 222 erc.
2053 165 2168 223 353

56 342 115 389 et
136 329 522 400 Sacramenti‚
558 348 630 386 ex
656 324 877 406 legibus
907 325 1277 406 Principum,
1304 344 1369 384 ac
1399 322 1641 383 demum
1666 344 1737 382 ex
1773 329 2168 403 captiuncula

55 423 151 482 illa
174 469 189 497 ³
223 444 354 505 quae
383 445 412 480 a
442 423 683 481 Summo
711 419 988 479 Pontifice
1027 418 1129 478 Pio
1170 419 1243 477 VI
1274 418 1438 477 omni
1470 416 1754 509 destituta
1784 418 2168 480 fundamento

52 518 381 579 declaratur
412 528 471 577 et
500 515 685 575 menti
714 514 1043 574 Tridentini
1077 512 1319 572 Concilii
1351 512 1638 572 contraria
1660 557 1675 586 ,
1724 514 2169 596 supersedemus

54 638 84 673 a
112 635 263 673 nova
289 611 687 672 confutatione
714 609 923 668 harum
947 607 1382 679 difficultatum,
1404 627 1545 689 quas
1559 611 1684 684 jam
1710 607 2011 684 diluimuS‚
2038 632 2171 670 cum

51 711 115 768 in
146 704 609 790 praecedentibu's
634 700 1128 786 propositionibus
1153 701 1427 763 adversus
1457 711 1786 781 apostatam
1809 704 1889 763 M.
1927 707 2066 765 Ant.
2098 705 2173 766 de

56 802 348 877 DominiS‚
381 802 702 877 Launojum
728 843 745 869 ,
782 797 1039 878 aliosque
1066 817 1272 856 eorum
1312 795 1555 855 asseclas
1593 797 2059 879 disputaremus⁴

133 898 274 956 261.
326 899 565 956 Praestat
599 894 794 976 potius
830 893 1126 975 inquirere
1165 892 1242 950 ad
1275 891 1593 974 pleniorem
1623 894 1949 972 gravissimi
1998 895 2171 976 hujus

54 991 382 1074 argumenti
424 989 887 1062 absolutionem,
927 999 1130 1046 utrum
1163 988 1345 1069 possit
1382 988 1695 1070 Episcopus
1735 987 2074 1072 dispensare
2111 993 2173 1052 in

55 1087 409 1148 Matrimonii
459 1083 899 1167 impedimentis
922 1099 926 1102 ’
946 1081 1377 1141 dirimentibus,
1433 1082 1780 1143 Benedictus
1836 1087 1965 1146 XIV
2002 1132 2019 1157 ,
2085 1089 2176 1148 De

55 1185 274 1264 synodo
304 1183 640 1241 dz'oecesana
657 1225 678 1252 ,
702 1178 805 1238 lib.
837 1180 917 1237 IX
938 1224 954 1253 ,
982 1199 1109 1260 cap.
1136 1179 1178 1236 2
1197 1224 1212 1250 a
1252 1178 1633 1260 quaestionem
1673 1179 1827 1240 hanc
1857 1184 2171 1263 expendit,

54 1277 424 1359 ostenditque
437 1275 600 1335 nulla
618 1275 844 1334 ratione
859 1274 1141 1356 Episcopo
1163 1285 1496 1355 competere
1513 1274 1852 1335 facultatem
1869 1277 2174 1338 relaxandi

52 1373 179 1433 haec
197 1371 615 1454 impedimenta
634 1414 652 1446 ‚
677 1369 884 1429 saltem
909 1389 1043 1450 quae
1061 1367 1291 1451 publica
1307 1369 1448 1443 sint.¹
1478 1380 1537 1428 et
1560 1390 1691 1429 cum
1719 1381 1886 1452 patet
1917 1394 2176 1433 accessus

54 1467 128 1527 ad
162 1469 220 1526 S.
257 1466 490 1526 Sedem.
539 1468 692 1524 Nam
733 1486 867 1523 cum
899 1463 1185 1542 ejusmodi
1211 1463 1637 1546 impedimenta
1687 1477 1883 1525 ortum
1919 1467 2180 1529 habeant

52 1573 154 1621 aut
177 1583 208 1620 a
241 1558 502 1620 Concilio
538 1557 792 1638 generali
832 1569 934 1617 aut
975 1580 1006 1617 a
1039 1559 1295 1617 Summis
1326 1558 1705 1618 Pontificibus
1734 1605 1750 1634 .,
1804 1563 2010 1643 nequit
2053 1563 2181 1644 Epi·

50 1678 278 1739 scopuS‚
304 1666 509 1736 utpote
531 1654 796 1727 inferior,
827 1653 1169 1725 auctoritate
1192 1655 1457 1735 propria,
1480 1655 1684 1714 ‘eorum
1706 1655 1937 1715 decreta
1963 1657 2182 1716 infrin-

50 1773 214 1833 gere²
252 1751 436 1832 iisque
483 1749 600 1808 ulla
645 1749 869 1807 ratione
917 1748 1226 1807 contraire.
1274 1750 1364 1808 Sic
1402 1751 1581 1809 etiam
1621 1754 1892 1830 neyalive
1938 1751 2178 1812 resolvit

52 1845 317 1907 eamdem
343 1845 727 1926 quaestionem
749 1844 883 1903 Pius
908 1844 991 1902 Vl
1005 1887 1021 1916 ‚
1061 1843 1124 1901 in
1149 1842 1356 1903 litteris
1384 1843 1533 1903 datis
1558 1843 1635 1903 ad
1663 1845 2176 1928 Archiepiscopum

52 1940 364 2001 electorem
394 1939 799 1999 Trevirensem
827 1937 922 1998 die
948 1940 989 1995 2
1027 1937 1196 1996 Febr.
1239 1938 1398 1998 1782
1422 1938 1530 2020 (l).
1563 1941 1752 2012 Quare
1776 1939 2042 2023 Episcopi
2070 1952 2187 2003 ne-⁴

50 2046 278 2118 queunt
310 2032 530 2115 absque
569 2033 876 2093 manifesta
909 2032 1288 2114 usurpatione
1314 2033 1428 2092 sibi
1461 2032 1614 2093 hanc
1648 2055 1917 2114 arrogare
1943 2035 2179 2096 faculta-

49 2143 170 2191 tem
191 2175 208 2205 ,
239 2151 372 2189 cum
396 2129 516 2188 haec
543 2129 676 2188 solis
701 2129 959 2188 Summis
994 2126 1370 2186 Pontificibus
1402 2139 1718 2210 competat.
1751 2130 1835 2189 Ex
1863 2129 1952 2189 his
1977 2142 2138 2212 patet
2165 2177 2182 2207 ‚

51 2234 82 2284 a
114 2246 249 2286 vero
265 2223 542 2284 abludere
560 2222 877 2283 nonnullos
896 2222 1216 2282 neotericos
1236 2267 1252 2297 ,
1271 2222 1372 2304 qui
1395 2223 1472 2282 ad
1493 2223 1804 2305 Episcopos
1827 2225 2140 2285 remittunt
2160 2273 2174 2299 a

51 2342 158 2403 pro
181 2319 586 2402 impedimenti
610 2317 828 2402 publici
852 2316 1288 2401 dispensatione
1305 2361 1322 2391 ,
1347 2337 1468 2393 eOS,
1488 2317 1590 2399 qui
1608 2317 1803 2399 aliquo
1830 2318 2040 2380 irretiti
2062 2321 2176 2379 im-

53 2405 393 2496 pedimento
426 2414 770 2474 contrahere
808 2413 1149 2493 conjugium
1184 2411 1553 2471 contendunt
1575 2413 1685 2494 (2).

126 2603 196 2667 (l)
223 2601 362 2668 Apud
395 2600 552 2651 Moser
574 2637 589 2662 ‚
623 2618 699 2667 op.
743 2603 822 2649 eit.
867 2598 948 2648 De
980 2601 1072 2648 im-

1157 2599 1261 2648 Per
1290 2599 1362 2649 tal
1385 2601 1556 2651 motivo
1596 2604 1623 2650 ὲ
1658 2602 1887 2653 decretam
1902 2644 1918 2668 ‚
1955 2606 2037 2655 che
2070 2612 2174 2657 mai

56 2684 351 2751 pedimentis
385 2685 612 2742 matrim,
648 2691 741 2731 etc.
773 2699 880 2747 pag·
927 2679 1018 2748 ¹67
1044 2670 1071 2741 '²

1142 2698 1257 2742 *non
1282 2684 1332 2730 εἰ
1349 2699 1494 2749 possa
1524 2700 1699 2748 neqare
1716 2722 1731 2746 ‚
1755 2703 1780 2734 e
1800 2690 2173 2751 qratuitamente

57 2786 106 2815 n.
139 2785 192 2827 x,
224 2767 307 2815 ubi
330 2804 343 2826 ‚
373 2783 482 2815 cum
514 2765 726 2814 Pontifex
754 2764 966 2830 pluribus
997 2782 1073 2812 ra·-

59 2849 264 2897 tionibus
286 2849 387 2897 fuse
420 2849 548 2914 quod
566 2848 658 2896 sibi
686 2857 983 2912 proposuerat
1001 2864 1073 2894 os-

63 2930 318 2991 tendisset,
356 2929 633 2978 concludit:
673 2926 886 2976 Omnino
921 2929 1078 2992 iqitur

58 3012 291 3058 sustineri
318 3019 544 3060 neutrum
569 3019 720 3077 potest
748 3048 762 3070 ‚
808 3010 882 3058 vel
908 3008 1075 3061 Eccle-

59 3092 183 3138 siam
209 3092 329 3157 jure
363 3094 563 3157 proprio
603 3108 702 3140 non
731 3091 903 3140 babere
940 3100 1076 3158 pote·

61 3180 227 3219 statem
242 3172 566 3221 constituendi
579 3173 926 3239 impedimenta
955 3174 1078 3222 diri-

63 3255 260 3313 memia,
285 3254 358 3302 vel
367 3253 663 3320 Episcopum
681 3253 934 3319 quemlibet
942 3271 1080 3320 posse

64 3336 339 3400 impositum
372 3353 403 3385 a
431 3337 665 3387 catholica
704 3329 926 3388 Ecclesia
965 3341 1082 3404 quie

65 3415 312 3465 vinculum
348 3417 596 3469 dissolvere
616 3460 631 3481 ‚
665 3432 755 3471 etc.

137 3497 198 3562 (2)
211 3498 301 3546 Iter
319 3509 490 3549 ceteros
504 3500 665 3568 Georg.
677 3503 986 3570 Rechberger‚
1004 3522 1079 3570 op.

67 3582 147 3629 cit.
188 3579 429 3629 Manuale
479 3582 555 3631 det
598 3586 708 3650 qius
756 3584 915 3635 eccles.
952 3586 1084 3649 Aus-

65 3663 234 3711 triaco.
274 3674 387 3714 tom.
423 3678 455 3712 n
481 3701 494 3725 ‚
528 3663 555 3730 ὃ
591 3665 714 3730 160,
759 3666 841 3716 ubi
874 3670 1034 3719 scribit
1068 3687 1082 3719 ε

153 3742 218 3801 Τ.
271 3743 392 3802 VII.

1156 2766 1204 2812 ei
1223 2764 1374 2813 dobba
1396 2757 1651 2815 concedere
1672 2766 1719 2815 la
1750 2767 1977 2836 dispensa
1996 2770 2082 2820 che
2095 2773 2169 2821 al-

1155 2850 1276 2896 cuni
1283 2849 1340 2896 di
1353 2847 1558 2898 delicata
1569 2852 1851 2900 conscienza
1867 2852 2172 2903 domandam

1155 2928 1238 2977 nel
1254 2930 1405 2995 qrado
1418 2930 1473 2978 di
1495 2935 2012 3000 coqnaz'ioneproibito
2039 2935 2174 2985 dalla

1158 3009 1286 3075 leqqe
1316 3010 1476 3062 civile.
1510 3011 1620 3061 Vid.
1657 3016 1818 3063 transl.
1843 3003 1937 3065 lat.
1967 3017 2023 3065 ad
2054 3018 2168 3067 calc.

1162 3093 1256 3141 vol.
1279 3093 1442 3142 Merito
1466 3092 1644 3143 idcirco
1669 3097 1759 3144 hoc
1787 3114 1901 3162 opus
1918 3116 1945 3145 a
1978 3097 2030 3147 S.
2052 3098 2171 3149 Sede

1163 3178 1214 3223 in
1227 3175 1433 3225 indicem
1450 3177 1676 3227 librorum
1697 3179 2039 3244 prohibitorum
2054 3180 2146 3231 rela
2158 3211 2173 3220 —

1165 3267 1265 3305 tuin
1296 3270 1360 3306 est
1389 3260 1570 3308 decreto
1607 3277 1658 3323 ¹7
1687 3260 1796 3308 Jan.
1838 3258 1977 3309 1820.
1993 3262 2172 3314 Deinde

1166 3357 1271 3388 vero
1287 3340 1508 3406 Imperat.
1542 3342 1871 3400 Franciscus1‚
1908 3345 2089 3394 decreto
2108 3346 2172 3395 30

1168 3422 1333 3487 Aprilis
1375 3423 1498 3472 1833
1519 3459 1534 3481 ‚
1571 3423 1833 3472 eliminavit
1863 3426 1986 3475 idem
2012 3445 2125 3493 opus
2151 3447 2177 3477 e

1168 3505 1335 3553 scholis
1381 3505 1599 3552 omnibus
1653 3509 2004 3557 seminat-iorum
2052 3514 2179 3575 regni

1169 3585 1618 3636 Lombardo-Veneti
1641 3605 1654 3650 3
1702 3598 1744 3637 et
1782 3590 1962 3639 decreto
2002 3594 2056 3640 31
2106 3590 2184 3640 Ja-

1172 3686 1305 3717 nuar.
1332 3665 1457 3731 1834
1477 3669 1681 3719 extendit
1696 3671 1815 3719 lianc
1828 3689 1959 3719 suam
1973 3673 2194 3723 determi-

1876 3751 1954 3810 23
