2508 4120
596 176 719 215 CAP.
767 176 847 214 lv.
897 179 964 213 ΒΕ
1007 175 1375 215 MA'rmmomls
1419 178 1630 214 mlx'rls.

2049 157 2164 217 385

43 323 373 400 passivam.
412 321 661 377 Demum
694 330 758 385 ut
793 318 1042 401 querelis
1075 319 1349 378 omnibus
1392 320 1714 401 praecludat
1753 320 1978 381 aditum
1999 367 2015 397 ,
2054 322 2162 382 de-

53 412 231 472 clarat
253 434 416 475 veras
442 432 510 472 ac
540 423 693 471 ratas
712 458 728 487 ,
757 412 972 471 scilicet
1001 411 1223 471 validas
1262 413 1498 493 nuptias
1528 415 1772 490 mixtaS,
1809 437 1936 497 quae
1961 438 1991 474 a
2020 415 2157 475 dato

55 509 220 568 Brevi
253 507 529 568 celebrari
557 508 896 587 contigerit,
933 528 1054 565 non
1077 519 1304 569 servata
1339 507 1527 567 forma
1565 531 1598 568 a
1634 510 1977 570 Tridentino
2004 533 2164 594 prae-

55 603 265 684 scripta
297 600 506 679 (modo
545 600 775 660 nullum
817 601 971 661 aliud
1009 599 1204 660 obstet
1245 601 1523 661 dirimens
1568 603 2158 686 impedimentum),

54 698 113 755 in
148 695 490 756 dioecesibus
520 694 888 769 Coloniensi,
924 696 1248 758 Trevirensi
1271 741 1287 770 ,
1347 696 1811 758 Paderbornensi
1864 711 1926 759 et
1959 702 2168 761 Mona-

55 789 316 849 steriensi
346 789 434 868 (l)
446 834 459 847 .

135 883 274 942 313.
322 884 388 943 7ο
436 882 819 943 Gubernium
879 883 1242 943 Borussicum
1315 886 1641 966 pontificias
1714 885 1819 946 has
1876 887 2099 948 litteras
2149 934 2166 963 ,

55 1000 196 1061 quas
236 978 395 1038 idem
432 980 787 1060 expetierat,
822 979 917 1038 vel
963 978 1172 1038 saltem
1207 979 1520 1060 Episcopos
1555 993 1621 1039 ut
1657 980 1783 1040 illas
1823 993 2168 1064 expeterent

52 1074 391 1133 auctoritate
426 1095 527 1132 sua
575 1073 932 1146 adduxerat,
982 1074 1171 1155 primo
1219 1094 1328 1155 per
1366 1074 1640 1149 fraudem
1686 1076 2003 1137 occultasse
2040 1078 2168 1158 (2),

54 1179 181 1227 tum
230 1179 445 1228 secreta
489 1168 876 1228 conventione
922 1167 1122 1227 habita
1175 1167 1515 1228 earumdem
1557 1170 1678 1230 vim
1737 1170 1976 1232 eludere
2029 1172 2117 1252 (3)
2149 1217 2166 1246 .,

120 1429 191 1496 (l)
227 1430 351 1479 Ibid.

123 1513 189 1576 (2)
230 1512 337 1560 Haec
353 1514 508 1560 omnia
526 1512 790 1560 referuntur
807 1513 856 1558 in
871 1513 954 1560 cit.
971 1508 1070 1558 Es-

46 1594 299 1658 posizione
319 1629 332 1653 ,
364 1610 389 1640 a
428 1610 530 1657 pag.
571 1592 602 1639 5
638 1593 694 1641 ad
729 1609 783 1659 9.

125 1675 189 1738 (3)
224 1674 253 1722 J
256 1675 488 1723 uverithic
511 1677 607 1739 ipsa
625 1674 762 1724 verba
782 1672 1037 1722 describere
1053 1707 1067 1735 ‚

57 1756 226 1821 quibus
248 1774 358 1804 usus
398 1766 467 1804 est
501 1756 745 1821 Gregorius
784 1773 882 1815 xvi,
911 1759 960 1804 in
985 1754 1067 1803 Al-

56 1838 202 1886 locut.
229 1839 306 1886 cit.
341 1854 354 1885 ε
382 1838 508 1904 Quis
519 1855 664 1903 porro
678 1874 695 1898 ,
730 1841 881 1903 inquit
900 1875 912 1896 ,
931 1838 1070 1901 futu-

60 1934 168 1965 rum
196 1927 391 1984 putaret
409 1957 421 1979 ‚
451 1928 506 1967 ut
521 1920 780 1986 pontificia
806 1919 976 1968 istkoec
996 1919 1070 1966 de-

56 1998 252 2047 claratio
276 2000 360 2063 (Pii
379 2000 489 2061 vm)
511 2037 525 2059 ,
548 2000 967 2064 indulqentissima
1008 1999 1070 2047 li-

58 2089 128 2128 cet
153 2089 198 2129 et
217 2080 361 2129 semel
396 2090 535 2146 atque
565 2084 737 2130 iterum
771 2099 862 2148 per
886 2083 1071 2146 reqium

58 2164 114 2210 in
148 2162 266 2209 urbe
312 2170 544 2210 oratorem
564 2170 792 2230 accepta,
846 2180 899 2210 eo
928 2179 1072 2210 sensu

58 2241 360 2291 adhiberetur
381 2280 394 2303 ,
412 2245 500 2307 qui
521 2245 804 2309 inconcussa
829 2242 1072 2291 catholicae

58 2323 284 2372 Ecclesiae
293 2326 549 2389 principia
567 2333 853 2390 perverteret
874 2362 887 2385 ,
913 2333 958 2373 et
975 2324 1068 2372 bu-

45 2406 138 2469 J‘us
180 2403 464 2469 Apostolicoe
513 2404 651 2452 Sedis
692 2407 841 2453 menti
871 2409 1071 2470 penitus

60 2489 378 2550 repuqnaret?
420 2484 604 2533 Verum
622 2485 746 2550 quod
779 2501 916 2533 nemo
944 2501 1072 2532 unus

55 2567 238 2630 finqere
254 2575 339 2614 aut
363 2569 627 2631 excoqitare
642 2575 799 2632 posset
817 2603 830 2626 ,
859 2566 1071 2631 quodque

62 2647 136 2696 vel
164 2647 327 2695 leviter
364 2649 604 2712 suspicari
644 2649 829 2696 crimen
855 2647 1033 2711 sitisset
1053 2683 1069 2708 ,

61 2728 116 2776 id
144 2730 399 2793 artificioso
433 2728 663 2777 secularis
698 2731 946 2795 potestatis
977 2731 1073 2777 im-
1106 2737 1109 2740 “

60 2810 209 2878 pulsu
250 2812 436 2876 factum
463 2821 547 2860 est.
580 2810 636 2859 V
633 2813 688 2859 izv
722 2828 821 2860 rem
845 2828 941 2860 non
968 2814 1074 2860 sine

69 2895 282 2940 inanima
339 2895 498 2941 animi
550 2893 762 2949 molestia
814 2896 1038 2943 novimus
1057 2931 1071 2953 ,

71 2973 199 3024 nihil
236 2975 511 3024 distulimus
535 2978 655 3040 quin
682 2976 1076 3042 expostulationes

72 3054 274 3104 Nostras
288 3058 352 3103 iis
369 3093 383 3116 ‚
403 3057 467 3104 ad
481 3073 596 3121 quos
615 3057 915 3122 pertinebat,
948 3058 1075 3122 dese-

73 3136 247 3184 rendas
296 3138 692 3188 committeremus
727 3174 742 3198 ,
790 3155 892 3187 una
931 3139 1079 3187 simul

72 3217 364 3267 declarantes
385 3255 397 3277 ‚
424 3228 603 3283 quanta
617 3218 718 3267 Nos
737 3235 795 3266 etv
825 3220 1076 3285 apostolico

74 3316 269 3347 munere
309 3308 481 3348 teneret
523 3302 779 3349 necessitas
798 3301 962 3364 fideles
993 3318 1077 3368 op-

66 3390 272 3445 portune
291 3381 517 3429 monendi
535 3417 550 3442 ,
580 3398 642 3429 ne
681 3381 805 3429 illud
825 3383 886 3431 ab
913 3392 1079 3431 saneta

75 3462 163 3509 kae
187 3458 311 3509 Sede
333 3462 598 3527 profectum
631 3464 1010 3524 arbitrarentur,
1048 3482 1079 3513 a

75 3560 166 3607 quo
188 3545 294 3608 ipsa
314 3542 458 3608 plane
489 3543 719 3593 abhorret.
756 3543 970 3610 Cumque
1006 3547 1080 3593 ita

77 3624 229 3673 Nobis
253 3623 425 3687 suisset
446 3641 724 3690 responsum
741 3663 754 3687 ‚
778 3625 926 3675 veluti
950 3627 1081 3676 nullo

159 3718 221 3775 T.
269 3718 388 3778 VII.

1149 1427 1347 1492 querelas
1395 1424 1586 1477 Nostra?
1621 1430 1946 1479 inniterentur
1984 1431 2174 1495 funda·

1150 1518 1325 1568 mento,
1343 1509 1542 1574 epistola
1557 1512 1756 1558 accessit
1764 1511 1963 1560 alterius
1974 1529 2176 1578 exproe-

1150 1589 1290 1637 dictoe
1330 1591 1541 1653 reqionis
1585 1589 1919 1648 Praesulibus,
1963 1598 2054 1656 qui
2096 1595 2176 1640 in-

1149 1677 1303 1716 stante
1329 1678 1474 1716 morte
1512 1670 1788 1718 redditurus
1815 1681 1988 1720 oeterno
2005 1673 2178 1739 judici

1148 1753 1381 1798 rationem
1414 1751 1729 1799 villicationis
1753 1770 1887 1816 sum,
1920 1757 2065 1803 misso
2105 1756 2171 1802 ad

1150 1832 1253 1880 Nos
1284 1832 1556 1898 apoqrapho
1599 1835 1933 1881 instructionis
1976 1835 2171 1884 traditae

1150 1914 1210 1961 ab
1234 1914 1285 1961 E
1279 1916 1494 1979 piscopis
1520 1923 1716 1977 urqente
1736 1914 1876 1962 civili
1900 1914 2170 1975 Gubernio‚

1149 2005 1368 2044 accurate
1385 1996 1695 2061 siqnificabat
1713 2033 1728 2054 ,
1759 2012 1828 2057 se,
1859 1997 2039 2046 damna
2057 2015 2172 2063 qra-

1152 2079 1357 2125 vissima
1390 2072 1564 2125 excinde
1608 2075 1839 2126 Ecclesia:
1879 2083 2066 2128 oritura
2091 2081 2174 2130 lw-

1151 2174 1323 2222 svsque
1363 2158 1496 2206 illius
1534 2175 1740 2206 canones
1787 2159 1969 2209 divinoe
1998 2165 2172 2226 qratiae

1150 2239 1336 2288 lumine
1388 2242 1759 2306 inspicientem,
1803 2259 2042 2303 errorem,
2089 2247 2173 2292 cui

1150 2321 1527 2386 subscripserat,
1570 2321 1719 2370 libera
1761 2331 1914 2370 mente
1947 2333 2170 2389 motuque

1143 2407 1344 2466 proprio
1378 2410 1650 2451 retractare.
1682 2400 1751 2450 In
1778 2419 1945 2451 curam
1959 2405 2173 2469 proinde

1151 2481 1311 2529 statim
1331 2482 1668 2543 incubuimus,
1701 2491 1756 2530 ut
1771 2521 1785 2544 ,
1805 2484 1990 2549 perlato
2008 2486 2074 2534 ad
2095 2503 2171 2536 se-

1156 2564 1466 2611 renissimum
1518 2565 1694 2629 Reqem
1744 2583 1971 2630 qen-mano
2028 2568 2171 2618 istius

1152 2644 1419 2710 apoqrapbi
1450 2647 1693 2713 exemplo,
1737 2651 1894 2711 maqis
1927 2651 2172 2715 maqisque

1152 2729 1494 2791 innotesceret,
1521 2728 1622 2777 Nos
1643 2730 1817 2777 initam
1843 2747 1873 2777 a
1901 2734 2173 2780 memoratis

1153 2808 1416 2874 Episcopis
1499 2812 1735 2859 rationem
1820 2814 2173 2878 interpretandi

1154 2889 1456 2956 Apostolicas
1470 2892 1832 2957 praedecessoris
1853 2892 2019 2941 Nostri
2055 2893 2174 2942 litte·

1155 2988 1254 3030 ras,
1275 2979 1433 3037 utpote
1453 2972 1687 3022 Ecclesiae
1697 2975 1960 3041 principiis
1975 2992 2034 3023 ac
2053 2975 2172 3041 leqi-

1154 3053 1243 3100 bus
1252 3053 1597 3115 adversantem,
1617 3058 1811 3103 omnino
1824 3056 2089 3121 reprobare.
2109 3057 2170 3106 In

1156 3122 1344 3199 Eat-pos.
1367 3137 1449 3184 cit.
1482 3137 1588 3185 doc.
1630 3135 1720 3197 16,
1760 3155 1862 3201 pag.
1890 3134 1957 3199 84
1996 3147 2042 3186 et
2069 3155 2169 3205 seq.

1157 3216 1264 3263 Haec
1293 3226 1447 3264 autem
1501 3227 1669 3266 secreta
1724 3220 1966 3265 conventio
1999 3252 2016 3277 ,
2062 3236 2168 3284 quae

1157 3300 1282 3362 prius
1308 3316 1334 3346 a
1359 3297 1716 3348 Confluentibus
1736 3300 1889 3363 (vulgo
1922 3298 2168 3367 Coblentz)

1159 3392 1423 3445 nuncupata
1442 3391 1525 3438 est,
1547 3399 1599 3428 ex
1616 3398 1706 3445 qua
1725 3381 1892 3444 prodiit
1904 3382 2170 3438 instructio,

1160 3466 1306 3528 reipsa
1343 3466 1497 3512 locum
1535 3462 1697 3510 habuit
1722 3460 1926 3511 Berolini
1967 3478 2026 3529 ¹9
2053 3464 2169 3511 Jun.

1168 3542 1294 3608 1834
1342 3549 1460 3593 inter
1504 3543 1687 3592 Bunsen
1745 3551 1791 3593 et
1837 3542 1975 3592 Arch.
2034 3542 2170 3591 Colo-

1162 3626 1368 3677 ni‘ensem
1407 3625 1540 3675 Com.
1583 3623 1785 3690 Spiegel.
1819 3625 1903 3673 llla
1939 3641 2072 3689 porro
2093 3641 2171 3673 ea-

1848 3717 1926 3774 25
