2508 4120
362 104 488 166 238

945 120 1267 160 ’rmc'rnus
1310 121 1378 157 nn
1421 108 1796 161 mnemomo.

369 274 443 332 sis
463 317 480 346 ,
531 288 730 329 recens
752 264 832 325 ‘ad
855 263 1032 325 fidem
1064 265 1325 325 conversi
1346 309 1362 339 a
1394 286 1511 346 quo
1542 264 1733 326 eidem
1760 267 2008 327 vetitum
2029 283 2120 330 est
2150 273 2306 332 aliud
2335 273 2486 334 inire

369 364 728 443 conjugium,
764 362 1031 443 quamvis
1065 382 1212 419 uxor
1235 359 1429 438 judaea
1462 373 1736 422 renueret
1761 361 2051 422 obstinate
2071 364 2332 429 habitare
2354 392 2489 429 cum

368 463 493 542 ipso
527 458 635 538 (1).
670 459 752 516 Ex
785 457 894 516 hoc
936 468 1131 516 autem
1169 468 1436 546 tempore
1466 456 1663 539 plures
1701 458 1971 540 prodiere
2006 458 2187 520 libelli
2213 465 2289 524 ad
2319 468 2490 527 evin-

366 554 614 615 cendam
645 553 1215 613 indissolubilitatem
1250 553 1534 631 ejusmodi
1563 556 1963 635 conjugiorum
1987 602 2001 631 7
2038 577 2290 637 quorum
2314 561 2487 642 longa

368 673 433 711 ac
459 650 681 710 inutilis
708 672 799 708 res
832 661 981 709 esset
1023 650 1348 729 catalogum
1387 660 1583 709 texere
1623 650 1729 730 (2).
1769 652 1927 711 Inter
1967 653 2142 732 hujus
2181 676 2349 716 novae
2380 657 2489 716 do-

368 748 565 808 ctrinae
589 759 867 829 patronos
882 747 1148 806 eminent
1167 747 1518 826 Augustinus
1546 747 1821 807 Gervasio
1843 748 2311 809 Vindobonensis
2343 774 2485 833 pro-

369 844 546 904 fessor
562 845 651 926 (3)
670 856 727 905 et
742 856 938 903 auctor
953 844 1392 903 institutionum
1413 843 1867 924 theologicarum
1883 846 2359 926 Lugdunensium
2373 848 2490 928 (4),

370 962 512 1022 quos
545 963 667 999 non
691 942 861 1023 pauci
887 941 952 1000 in
988 940 1300 999 Germania
1322 941 1647 1021 praesertim
1674 941 1763 1021 (5)
1810 951 1868 1000 et
1895 941 2080 1001 Gallia
2116 944 2292 1001 secuti
2315 955 2494 1015 sunt,

370 1056 442 1096 ex
467 1035 676 1118 quibus
705 1059 891 1096 unum
918 1035 1348 1096 recensebimus
1375 1035 1680 1096 Tabaraud
1708 1035 1824 1117 (6),
1846 1038 2203 1115 jansenianae
2234 1039 2495 1097 factionis

364 1134 680 1215 postremis
707 1133 797 1192 his
825 1134 994 1192 annis
1031 1132 1283 1192 fulcrum
1321 1133 1702 1216 praecipuum.
1741 1133 1831 1191 Sic
1868 1134 2042 1213 igitur
2074 1134 2351 1194 adversus
2386 1134 2493 1193 hos

442 1325 509 1393 (l)
547 1325 637 1393 Qui
683 1326 861 1392 primus
903 1327 1119 1392 conjugio
1152 1323 1393 1373 interdixit

372 1408 549 1458 Borach
576 1409 704 1467 Levi,
729 1409 816 1456 suit
830 1408 890 1457 R.
913 1407 1190 1456 Fitz-James
1206 1407 1394 1472 Episco-

373 1510 460 1557 pus
505 1491 843 1540 Suessionensis
872 1529 885 1549 ‚
932 1493 1013 1556 qui
1050 1507 1143 1537 non
1174 1491 1393 1538 infimum

373 1574 528 1622 locum
546 1583 669 1622 tenet
686 1577 735 1620 in
758 1574 943 1620 historia
960 1573 1257 1620 Jansenismi.
1283 1572 1393 1620 Levi

374 1656 620 1721 appellavit
653 1656 711 1703 ab
743 1657 882 1721 hujus
908 1658 1132 1703 sententia
1166 1657 1225 1704 ad
1252 1652 1394 1702 Sena-

376 1748 477 1787 tum
510 1738 843 1793 parisiensem,
881 1740 960 1803 qui
996 1738 1230 1785 decretum
1277 1737 1395 1801 Epi-

378 1822 504 1885 scopi
519 1819 859 1868 suessionensis
875 1819 1185 1867 confirmavit.
1205 1818 1391 1879 Omnia,

321 1937 325 1941 ·
379 1919 482 1969 quae
498 1902 555 1950 ad
590 1902 712 1950 hanc
727 1902 953 1951 celebrem
971 1918 1156 1949 causam
1175 1910 1397 1966 spectant,

374 1986 567 2036 collecta
600 1995 707 2032 sunt
739 1986 788 2032 in
823 2002 901 2049 op.
943 1986 1017 2032 cui
1052 1987 1106 2032 tit
1148 2001 1162 2031 :
1201 1980 1401 2031 Recueil

379 2070 637 2134 important
677 2083 763 2116 sur
795 2066 841 2114 la
888 2068 1105 2131 question
1149 2065 1206 2114 de
1238 2065 1399 2113 saveir

378 2153 425 2198 si
457 2167 526 2197 tm
553 2149 678 2214 Ju-if
685 2157 799 2214 peut
818 2166 865 2195 se
885 2152 1116 2196 remarier
1144 2149 1282 2213 apres
1307 2163 1395 2194 son

379 2229 604 2298 Bapteme
624 2268 637 2290 ‚
672 2247 701 2278 2
734 2231 826 2280 vol.
859 2234 993 2279 in-12
1011 2267 1027 2291 ‚
1083 2230 1229 2296 1759.
1272 2230 1396 2279 Leri-

381 2316 495 2364 dant
521 2318 570 2363 in
594 2332 671 2380 op.
693 2313 817 2362 Code
841 2312 1183 2362 matrimom‘al.
1214 2323 1332 2361 tom.
1364 2328 1398 2372 1,

382 2416 486 2464 pag.
508 2395 625 2460 430,
657 2406 702 2445 et
729 2396 929 2455 Potbier‚
957 2406 1071 2444 tom.
1098 2412 1132 2442 11
1154 2433 1166 2454 ‚
1198 2413 1252 2443 n.
1272 2392 1393 2462 499,

381 2483 507 2530 illius
520 2482 803 2529 collectionis
822 2482 1049 2547 analysim
1078 2482 1393 2528 instituerunt.

452 2565 523 2628 (Ξ)
560 2564 780 2629 Praecipui
805 2575 913 2612 sunt
942 2581 955 2613 :
996 2561 1314 2611 Dissertation
1335 2560 1398 2611 οιὶ

382 2646 479 2695 l’on
501 2663 683 2711 prouve
716 2663 804 2710 que
845 2644 897 2696 S.
948 2646 1082 2696 Paul
1119 2644 1400 2710 n'enseiqne

379 2746 474 2796 pas
497 2747 584 2794 que
609 2729 650 2776 le
677 2730 889 2794 rnarz'aqe
899 2731 1068 2795 puisse
1095 2731 1188 2778 ecre
1205 2746 1395 2795 rompu,

386 2812 653 2877 lorsqu'une
679 2813 759 2859 des
783 2814 965 2878 parties
993 2812 1226 2859 embra-sse
1248 2811 1295 2859 la
1327 2829 1400 2859 re-

397 2895 549 2960 liqion
564 2894 853 2950 σΙινόείεηηε,
873 2911 955 2958 par
972 2894 1106 2941 Alex.
1128 2893 1399 2950 Desessarts‚

396 2993 415 3025 1
446 2977 541 3026 vol.
575 2979 733 3036 in-12,
779 2974 938 3041 17653
994 2974 1291 3024 Traduction
1323 2974 1403 3021 des

388 3058 519 3107 deux·
552 3059 693 3108 liores
722 3058 778 3107 de
816 3058 869 3108 S.
915 3057 1162 3122 Auyustin
1199 3058 1229 3105 ὰ
1280 3056 1400 3105 Pol-

387 3141 568 3190 lentius
591 3178 608 3204 ‚
651 3158 762 3190 avec
797 3140 877 3189 des
919 3149 1048 3188 notes
1083 3179 1095 3199 ‚
1142 3143 1274 3207 cujus
1318 3159 1405 3188 au-

392 3234 492 3273 ctor
511 3234 578 3273 est
607 3224 668 3273 D.
693 3223 819 3287 P11253
852 3226 962 3272 item
986 3222 1204 3271 Collectio
1244 3224 1409 3271 varia-

393 3323 503 3355 rum
537 3307 925 3357 dissertationum
974 3306 1138 3354 casum
1193 3303 1412 3371 Apostoli

394 3387 774 3451 illustrandum,
828 3390 997 3438 editore
1049 3387 1075 3436 J
1082 3387 1156 3436 ud.
1202 3387 1366 3452 Leplat
1397 3425 1410 3447 ,

402 3488 422 3519 1
454 3473 546 3521 vol.
570 3476 619 3521 in
651 3472 709 3532 8,
739 3462 898 3523 Leodii
931 3489 1072 3541 1779.
1099 3471 1212 3520 Fere
1252 3475 1410 3521 omnia

398 3570 535 3618 opera
554 3593 567 3614 ‚
588 3572 691 3621 quae
706 3568 863 3605 contra
880 3556 1228 3604 dissolutionem
1244 3554 1412 3602 horum

391 3639 722 3705 ¹conjugiorum
771 3639 893 3689 edita
924 3650 1031 3688 sunt
1059 3674 1076 3700 ‚
1126 3640 1175 3686 in
1214 3637 1413 3686 indicem

1475 1322 1699 1372 librorum
1726 1324 2070 1390 prohibitorum
2107 1327 2246 1376 relata
2285 1328 2492 1377 fuerunt.

1476 1407 1654 1456 Horum
1672 1419 1878 1457 auctores
1897 1410 2103 1474 plerique
2137 1410 2327 1458 factioni
2341 1416 2495 1476 Janse*

1475 1492 1646 1537 nisticae
1661 1501 1739 1538 aut
1763 1492 1920 1539 aulicae
1937 1493 2072 1539 curiae
2091 1491 2275 1539 fuerunt
2305 1492 2492 1539 addicti.

1545 1571 1615 1635 (3)
1643 1571 1802 1621 Tract.
1837 1591 1914 1620 seu
1962 1574 2047 1621 lib.
2092 1590 2120 1619 v
2152 1572 2223 1621 De
2260 1570 2486 1620 Sacram.

1475 1655 1705 1702 Macrim.
1743 1671 1841 1719 cap.
1872 1654 1932 1712 5,
1960 1672 2070 1719 opp.
2102 1665 2218 1703 tom.
2251 1672 2317 1715 11,
2353 1654 2495 1703 Vien-

1476 1753 1550 1784 nae
1594 1734 1738 1802 1766.
2102 1742 2108 1745 ’

1548 1818 1616 1881 (le)
1656 1819 1782 1867 Diss.
1806 1819 2029 1878 1v‚art.3.

1546 1900 1615 1967 (5)
1655 1902 1778 1950 Inter
1811 1919 1926 1967 quos
1959 1920 2055 1949 non
2078 1903 2300 1950 infimum
2334 1901 2491 1951 locum

1479 1993 1603 2033 tenet
1629 1985 1777 2050 Eybel
1813 2023 1825 2045 ,
1855 2002 1907 2033 ac
1939 1987 2186 2034 novissime
2215 1984 2300 2032 Dr.
2336 1982 2496 2033 Binte-

1478 2070 1569 2114 rim
1587 2104 1602 2126 ,
1622 2071 1703 2133 qui
1720 2071 1769 2116 in
1786 2085 1866 2132 op.
1889 2070 1973 2117 cit.
1992 2065 2308 2116 Monumenta
2331 2064 2495 2115 Eccle-

1478 2151 1564 2197 sioe
1578 2149 2121 2198 christiano-catholicae
2134 2151 2296 2216 primi
2313 2187 2327 2208 ‚
2346 2149 2497 2196 medii

1477 2247 1534 2278 ac
1569 2233 1823 2279 novissimi
1853 2233 1947 2279 oevi
1970 2269 1983 2289 ‚
2012 2242 2127 2280 tom.
2165 2249 2211 2280 vt
2233 2269 2245 2291 ‚
2274 2241 2390 2295 part.
2433 2247 2449 2276 1
2474 2266 2488 2291 ,

1478 2317 1729 2365 Mantissa
1764 2329 1811 2375 1,
1841 2317 1946 2363 satis
1980 2315 2202 2380 prolixam
2226 2315 2370 2363 edidit
2401 2314 2498 2362 dis-

1479 2401 1775 2447 sertationem
1796 2416 1877 2463 pro
1903 2396 2315 2446 indissolubilitate
2329 2399 2499 2447 horum

1480 2483 1821 2545 conjugiorum.
1856 2480 2024 2528 Verum
2041 2481 2098 2529 de
2123 2481 2213 2529 hoc
2230 2481 2291 2530 cl.
2315 2491 2500 2529 auctore

1480 2565 1618 2631 paulo
1638 2575 1737 2630 post
1769 2565 2063 2612 disseremus.

1551 2648 1616 2711 (6)
1659 2647 1886 2712 Princip.
1926 2663 2013 2693 sur
2065 2644 2111 2694 la
2156 2644 2368 2692 distinct.
2430 2643 2499 2691 du

1480 2740 1692 2780 contract
1740 2740 1784 2778 et
1828 2729 1896 2776 du
1947 2726 2225 2779 Sacrement
2279 2727 2335 2774 de
2375 2726 2498 2774 Ma-

1483 2815 1647 2876 riaqe,
1683 2830 1792 2860 nov.
1832 2812 1947 2859 edit.
2002 2828 2105 2874 pag.
2155 2808 2342 2868 32-35‚
2382 2811 2500 2858 item

1484 2914 1585 2959 pag.
1620 2910 1716 2960 279
1739 2905 1781 2941 et
1804 2911 1901 2957 seq.
1928 2892 2018 2939 Alii
2041 2895 2310 2940 recentiores
2339 2902 2502 2940 aucto-

1484 2994 1555 3024 res
1591 2975 1677 3024 cl'r.
1729 2975 1852 3038 apud
1880 2974 1940 3022 D.
1984 2973 2080 3022 J08.
2128 2970 2337 3023 Carriere
2365 3011 2377 3032 ‚
2434 2971 2508 3021 De

1484 3059 1792 3106 matrimonio
1820 3091 1836 3118 ,
1878 3067 1994 3104 tom.
2046 3071 2098 3116 1,
2137 3066 2253 3121 part.
2311 3072 2338 3103 2
2368 3091 2381 3113 ‚
2430 3054 2508 3102 De

1479 3158 1622 3207 prop.
1656 3141 1807 3188 Matr.
1843 3148 1952 3188 sect.
1999 3139 2027 3187 3
2054 3175 2067 3197 ‚
2108 3156 2208 3203 cap.
2266 3155 2281 3185 1
2306 3175 2319 3194 ‚
2365 3136 2508 3186 Paris.

1499 3221 1645 3289 1837.
1682 3222 1851 3270 Mirum
1883 3238 2018 3285 porro
2052 3221 2195 3269 videri
2221 3219 2357 3268 debet
2391 3221 2508 3267 inter

1494 3307 1577 3354 hos
1606 3316 1809 3354 auctores
1836 3308 1972 3353 etiam
2015 3305 2238 3353 recenseri
2271 3302 2411 3350 Card.
2446 3301 2508 3350 La

1495 3389 1703 3437 Luzerne
1727 3425 1740 3447 ‚
1786 3390 1866 3454 qui
1913 3398 1957 3436 et
1995 3388 2092 3452 ipse
2138 3386 2249 3433 huic
2283 3384 2508 3433 sententia}

1493 3470 1796 3537 adstipulatus
1813 3481 1877 3519 est
1897 3472 1946 3518 in
1969 3468 2124 3517 Instr.
2156 3483 2242 3515 sur
2259 3465 2299 3513 le
2328 3463 2507 3527 Rieuel,

1496 3571 1628 3603 num.
1665 3551 1782 3620 670.
