<?xml version="1.0" encoding="UTF-8"?>
<!DOCTYPE html PUBLIC "-//W3C//DTD XHTML 1.0 Transitional//EN"
    "http://www.w3.org/TR/xhtml1/DTD/xhtml1-transitional.dtd">
<html xmlns="http://www.w3.org/1999/xhtml" xml:lang="en" lang="en">
 <head>
  <title>
</title>
<meta http-equiv="Content-Type" content="text/html;charset=utf-8" />
  <meta name='ocr-system' content='tesseract 3.04.00' />
  <meta name='ocr-capabilities' content='ocr_page ocr_carea ocr_par ocr_line ocrx_word'/>
</head>
<body>
  <div class='ocr_page' id='page_1' title='image "a603693807perruoft_0235.png"; bbox 0 0 2508 4120; ppageno 0'>
   <div class='ocr_carea' id='block_1_1' title="bbox 510 204 2179 263">
    <p class='ocr_par' dir='ltr' id='par_1_1' title="bbox 510 204 2179 263">
     <span class='ocr_line' id='line_1_1' title="bbox 510 204 2179 263; baseline 0.007 -11"><span class='ocrx_word' id='word_1_1' title='bbox 510 214 630 253; x_wconf 77' lang='lat' dir='ltr'>CAP.</span> <span class='ocrx_word' id='word_1_2' title='bbox 679 217 720 254; x_wconf 92' lang='lat'>1.</span> <span class='ocrx_word' id='word_1_3' title='bbox 768 217 835 252; x_wconf 75' lang='lat' dir='ltr'>nn</span> <span class='ocrx_word' id='word_1_4' title='bbox 877 218 1233 258; x_wconf 75' lang='lat' dir='ltr'>MATmMomo</span> <span class='ocrx_word' id='word_1_5' title='bbox 1274 220 1331 258; x_wconf 72' lang='lat' dir='ltr'>ln</span> <span class='ocrx_word' id='word_1_6' title='bbox 1373 221 1433 259; x_wconf 75' lang='lat' dir='ltr'>sa</span> <span class='ocrx_word' id='word_1_7' title='bbox 1475 221 1767 260; x_wconf 79' lang='lat' dir='ltr'>SPECTATO.</span> <span class='ocrx_word' id='word_1_8' title='bbox 2062 204 2179 263; x_wconf 80' lang='lat'>227</span> 
     </span>
    </p>
   </div>
   <div class='ocr_carea' id='block_1_2' title="bbox 0 357 2186 2420">
    <p class='ocr_par' dir='ltr' id='par_1_2' title="bbox 0 357 2186 2420">
     <span class='ocr_line' id='line_1_2' title="bbox 92 357 2178 446; baseline 0.004 -30"><span class='ocrx_word' id='word_1_9' title='bbox 92 359 234 416; x_wconf 89' lang='lat' dir='ltr'>simo</span> <span class='ocrx_word' id='word_1_10' title='bbox 263 357 626 416; x_wconf 85' lang='lat' dir='ltr'>incommodo</span> <span class='ocrx_word' id='word_1_11' title='bbox 665 369 724 417; x_wconf 91' lang='lat' dir='ltr'>et</span> <span class='ocrx_word' id='word_1_12' title='bbox 756 358 830 417; x_wconf 89' lang='lat' dir='ltr'>ad</span> <span class='ocrx_word' id='word_1_13' title='bbox 867 359 1015 420; x_wconf 91' lang='lat' dir='ltr'>hanc</span> <span class='ocrx_word' id='word_1_14' title='bbox 1052 383 1237 442; x_wconf 91' lang='lat' dir='ltr'>usque</span> <span class='ocrx_word' id='word_1_15' title='bbox 1278 362 1438 421; x_wconf 87' lang='lat' dir='ltr'>diem</span> <span class='ocrx_word' id='word_1_16' title='bbox 1480 364 1543 421; x_wconf 88' lang='lat' dir='ltr'>in</span> <span class='ocrx_word' id='word_1_17' title='bbox 1582 363 1824 422; x_wconf 86' lang='lat' dir='ltr'>Ecclesia</span> <span class='ocrx_word' id='word_1_18' title='bbox 1871 385 2178 446; x_wconf 89' lang='lat' dir='ltr'>nunquam</span> 
     </span>
     <span class='ocr_line' id='line_1_3' title="bbox 89 451 2179 534; baseline 0.004 -24"><span class='ocrx_word' id='word_1_19' title='bbox 89 451 321 525; x_wconf 70' lang='lat' dir='ltr'>audi-tn,</span> <span class='ocrx_word' id='word_1_20' title='bbox 367 451 523 531; x_wconf 90' lang='lat' dir='ltr'>quod</span> <span class='ocrx_word' id='word_1_21' title='bbox 564 451 774 511; x_wconf 90' lang='lat' dir='ltr'>scilicet</span> <span class='ocrx_word' id='word_1_22' title='bbox 820 454 882 511; x_wconf 91' lang='lat' dir='ltr'>in</span> <span class='ocrx_word' id='word_1_23' title='bbox 921 454 1182 514; x_wconf 86' lang='lat' dir='ltr'>fidelium</span> <span class='ocrx_word' id='word_1_24' title='bbox 1231 457 1501 534; x_wconf 82' lang='lat' dir='ltr'>conjugiis</span> <span class='ocrx_word' id='word_1_25' title='bbox 1544 469 1868 515; x_wconf 86' lang='lat' dir='ltr'>contractus</span> <span class='ocrx_word' id='word_1_26' title='bbox 1910 479 1941 516; x_wconf 91' lang='lat' dir='ltr'>a</span> <span class='ocrx_word' id='word_1_27' title='bbox 1979 459 2179 518; x_wconf 86' lang='lat' dir='ltr'>Sacra-</span> 
     </span>
     <span class='ocr_line' id='line_1_4' title="bbox 94 546 2178 632; baseline 0.004 -27"><span class='ocrx_word' id='word_1_28' title='bbox 94 558 291 605; x_wconf 88' lang='lat' dir='ltr'>mento</span> <span class='ocrx_word' id='word_1_29' title='bbox 328 546 739 625; x_wconf 75' lang='lat' dir='ltr'>distinguatur,</span> <span class='ocrx_word' id='word_1_30' title='bbox 775 549 935 628; x_wconf 86' lang='lat' dir='ltr'>quasi</span> <span class='ocrx_word' id='word_1_31' title='bbox 969 569 1104 608; x_wconf 88' lang='lat' dir='ltr'>vero</span> <span class='ocrx_word' id='word_1_32' title='bbox 1140 548 1203 607; x_wconf 91' lang='lat' dir='ltr'>id</span> <span class='ocrx_word' id='word_1_33' title='bbox 1236 551 1359 609; x_wconf 88' lang='lat' dir='ltr'>fieri</span> <span class='ocrx_word' id='word_1_34' title='bbox 1398 549 1684 631; x_wconf 85' lang='lat' dir='ltr'>probabili</span> <span class='ocrx_word' id='word_1_35' title='bbox 1728 551 1917 632; x_wconf 89' lang='lat' dir='ltr'>aliqua</span> <span class='ocrx_word' id='word_1_36' title='bbox 1954 554 2178 614; x_wconf 88' lang='lat' dir='ltr'>ratione</span> 
     </span>
     <span class='ocr_line' id='line_1_5' title="bbox 0 642 2178 724; baseline 0.004 -26"><span class='ocrx_word' id='word_1_37' title='bbox 0 707 5 712; x_wconf 36' lang='grc'>,</span> <span class='ocrx_word' id='word_1_38' title='bbox 92 642 291 724; x_wconf 83' lang='lat' dir='ltr'>possit.</span> <span class='ocrx_word' id='word_1_39' title='bbox 344 642 516 721; x_wconf 82' lang='lat' dir='ltr'>Atqui</span> <span class='ocrx_word' id='word_1_40' title='bbox 559 642 619 699; x_wconf 88' lang='lat' dir='ltr'>in</span> <span class='ocrx_word' id='word_1_41' title='bbox 666 643 843 722; x_wconf 85' lang='lat' dir='ltr'>priori</span> <span class='ocrx_word' id='word_1_42' title='bbox 883 643 1170 701; x_wconf 85' lang='lat' dir='ltr'>sententia</span> <span class='ocrx_word' id='word_1_43' title='bbox 1212 643 1522 701; x_wconf 89' lang='lat' dir='ltr'>innumera</span> <span class='ocrx_word' id='word_1_44' title='bbox 1565 665 1716 723; x_wconf 92' lang='lat' dir='ltr'>pene</span> <span class='ocrx_word' id='word_1_45' title='bbox 1764 646 1826 702; x_wconf 90' lang='lat' dir='ltr'>in</span> <span class='ocrx_word' id='word_1_46' title='bbox 1866 645 2178 707; x_wconf 87' lang='lat' dir='ltr'>christiano</span> 
     </span>
     <span class='ocr_line' id='line_1_6' title="bbox 94 734 2180 819; baseline 0.003 -25"><span class='ocrx_word' id='word_1_47' title='bbox 94 735 308 819; x_wconf 90' lang='lat' dir='ltr'>populo</span> <span class='ocrx_word' id='word_1_48' title='bbox 336 735 617 794; x_wconf 85' lang='lat' dir='ltr'>celebrata</span> <span class='ocrx_word' id='word_1_49' title='bbox 642 747 833 794; x_wconf 88' lang='lat' dir='ltr'>essent</span> <span class='ocrx_word' id='word_1_50' title='bbox 866 747 924 795; x_wconf 90' lang='lat' dir='ltr'>et</span> <span class='ocrx_word' id='word_1_51' title='bbox 954 734 1383 794; x_wconf 84' lang='lat' dir='ltr'>celebrarentur</span> <span class='ocrx_word' id='word_1_52' title='bbox 1409 738 1670 815; x_wconf 80' lang='lat' dir='ltr'>conjugia</span> <span class='ocrx_word' id='word_1_53' title='bbox 1688 782 1705 812; x_wconf 73' lang='lat'>,</span> <span class='ocrx_word' id='word_1_54' title='bbox 1737 759 1864 818; x_wconf 83' lang='lat' dir='ltr'>quae</span> <span class='ocrx_word' id='word_1_55' title='bbox 1892 741 2180 803; x_wconf 88' lang='lat' dir='ltr'>rationem</span> 
     </span>
     <span class='ocr_line' id='line_1_7' title="bbox 93 829 2178 915; baseline 0.004 -28"><span class='ocrx_word' id='word_1_56' title='bbox 93 829 328 911; x_wconf 90' lang='lat' dir='ltr'>quidem</span> <span class='ocrx_word' id='word_1_57' title='bbox 348 841 671 888; x_wconf 89' lang='lat' dir='ltr'>contractus</span> <span class='ocrx_word' id='word_1_58' title='bbox 692 829 997 903; x_wconf 76' lang='lat' dir='ltr'>haberent,</span> <span class='ocrx_word' id='word_1_59' title='bbox 1022 851 1142 888; x_wconf 89' lang='lat' dir='ltr'>non</span> <span class='ocrx_word' id='word_1_60' title='bbox 1160 851 1298 891; x_wconf 87' lang='lat' dir='ltr'>vero</span> <span class='ocrx_word' id='word_1_61' title='bbox 1320 832 1712 904; x_wconf 78' lang='lat' dir='ltr'>Sacramenti3</span> <span class='ocrx_word' id='word_1_62' title='bbox 1741 832 1819 890; x_wconf 89' lang='lat' dir='ltr'>ita</span> <span class='ocrx_word' id='word_1_63' title='bbox 1846 845 1911 891; x_wconf 92' lang='lat' dir='ltr'>ut</span> <span class='ocrx_word' id='word_1_64' title='bbox 1938 834 2178 915; x_wconf 92' lang='lat' dir='ltr'>plurimi</span> 
     </span>
     <span class='ocr_line' id='line_1_8' title="bbox 93 923 2182 1007; baseline 0.004 -26"><span class='ocrx_word' id='word_1_65' title='bbox 93 935 216 982; x_wconf 88' lang='lat' dir='ltr'>toto</span> <span class='ocrx_word' id='word_1_66' title='bbox 249 924 383 983; x_wconf 85' lang='lat' dir='ltr'>vitae</span> <span class='ocrx_word' id='word_1_67' title='bbox 426 935 687 1005; x_wconf 89' lang='lat' dir='ltr'>tempore</span> <span class='ocrx_word' id='word_1_68' title='bbox 721 925 844 982; x_wconf 89' lang='lat' dir='ltr'>sine</span> <span class='ocrx_word' id='word_1_69' title='bbox 877 923 986 1007; x_wconf 78' lang='lat' dir='ltr'>hoc</span> <span class='ocrx_word' id='word_1_70' title='bbox 1022 925 1395 983; x_wconf 89' lang='lat' dir='ltr'>Sacramento</span> <span class='ocrx_word' id='word_1_71' title='bbox 1432 926 1734 999; x_wconf 73' lang='lat' dir='ltr'>viverent,</span> <span class='ocrx_word' id='word_1_72' title='bbox 1772 926 2015 987; x_wconf 89' lang='lat' dir='ltr'>Ecclesia</span> <span class='ocrx_word' id='word_1_73' title='bbox 2059 952 2182 990; x_wconf 89' lang='lat' dir='ltr'>non</span> 
     </span>
     <span class='ocr_line' id='line_1_9' title="bbox 94 1017 2177 1103; baseline 0.004 -27"><span class='ocrx_word' id='word_1_74' title='bbox 94 1017 409 1077; x_wconf 88' lang='lat' dir='ltr'>obsistente</span> <span class='ocrx_word' id='word_1_75' title='bbox 445 1029 502 1077; x_wconf 90' lang='lat' dir='ltr'>et</span> <span class='ocrx_word' id='word_1_76' title='bbox 537 1039 674 1076; x_wconf 83' lang='lat' dir='ltr'>vero</span> <span class='ocrx_word' id='word_1_77' title='bbox 709 1018 882 1077; x_wconf 90' lang='lat' dir='ltr'>etiam</span> <span class='ocrx_word' id='word_1_78' title='bbox 915 1017 1216 1077; x_wconf 88' lang='lat' dir='ltr'>interdum</span> <span class='ocrx_word' id='word_1_79' title='bbox 1254 1018 1559 1101; x_wconf 88' lang='lat' dir='ltr'>probante.</span> <span class='ocrx_word' id='word_1_80' title='bbox 1595 1018 1826 1079; x_wconf 88' lang='lat' dir='ltr'>Accedit</span> <span class='ocrx_word' id='word_1_81' title='bbox 1859 1035 2177 1103; x_wconf 81' lang='lat' dir='ltr'>praeterea,</span> 
     </span>
     <span class='ocr_line' id='line_1_10' title="bbox 95 1111 2177 1196; baseline 0.002 -25"><span class='ocrx_word' id='word_1_82' title='bbox 95 1134 165 1172; x_wconf 85' lang='lat' dir='ltr'>ex</span> <span class='ocrx_word' id='word_1_83' title='bbox 201 1113 404 1171; x_wconf 89' lang='lat' dir='ltr'>eadem</span> <span class='ocrx_word' id='word_1_84' title='bbox 436 1111 720 1170; x_wconf 86' lang='lat' dir='ltr'>sententia</span> <span class='ocrx_word' id='word_1_85' title='bbox 747 1122 804 1171; x_wconf 87' lang='lat' dir='ltr'>et</span> <span class='ocrx_word' id='word_1_86' title='bbox 835 1112 992 1170; x_wconf 91' lang='lat' dir='ltr'>aliud</span> <span class='ocrx_word' id='word_1_87' title='bbox 1025 1113 1180 1171; x_wconf 87' lang='lat' dir='ltr'>haud</span> <span class='ocrx_word' id='word_1_88' title='bbox 1217 1113 1347 1172; x_wconf 87' lang='lat' dir='ltr'>leve</span> <span class='ocrx_word' id='word_1_89' title='bbox 1381 1112 1668 1195; x_wconf 88' lang='lat' dir='ltr'>profluere</span> <span class='ocrx_word' id='word_1_90' title='bbox 1699 1114 2133 1177; x_wconf 89' lang='lat' dir='ltr'>incommodum</span> <span class='ocrx_word' id='word_1_91' title='bbox 2160 1166 2177 1196; x_wconf 74' lang='lat'>‚</span> 
     </span>
     <span class='ocr_line' id='line_1_11' title="bbox 94 1204 2182 1287; baseline 0.003 -23"><span class='ocrx_word' id='word_1_92' title='bbox 94 1206 283 1287; x_wconf 71' lang='lat' dir='ltr'>quod,</span> <span class='ocrx_word' id='word_1_93' title='bbox 327 1227 391 1265; x_wconf 92' lang='lat' dir='ltr'>ea</span> <span class='ocrx_word' id='word_1_94' title='bbox 423 1204 599 1264; x_wconf 88' lang='lat' dir='ltr'>semel</span> <span class='ocrx_word' id='word_1_95' title='bbox 634 1207 978 1280; x_wconf 69' lang='lat' dir='ltr'>constituta,</span> <span class='ocrx_word' id='word_1_96' title='bbox 1027 1228 1221 1265; x_wconf 88' lang='lat' dir='ltr'>causas</span> <span class='ocrx_word' id='word_1_97' title='bbox 1259 1207 1712 1267; x_wconf 87' lang='lat' dir='ltr'>matrimoniales</span> <span class='ocrx_word' id='word_1_98' title='bbox 1753 1209 1828 1266; x_wconf 90' lang='lat' dir='ltr'>ad</span> <span class='ocrx_word' id='word_1_99' title='bbox 1872 1210 2182 1272; x_wconf 89' lang='lat' dir='ltr'>Ecclesiam</span> 
     </span>
     <span class='ocr_line' id='line_1_12' title="bbox 92 1299 2177 1385; baseline 0.003 -27"><span class='ocrx_word' id='word_1_100' title='bbox 92 1299 375 1359; x_wconf 84' lang='lat' dir='ltr'>exclusive</span> <span class='ocrx_word' id='word_1_101' title='bbox 399 1300 690 1379; x_wconf 87' lang='lat' dir='ltr'>pertinere</span> <span class='ocrx_word' id='word_1_102' title='bbox 718 1300 815 1359; x_wconf 86' lang='lat' dir='ltr'>vix</span> <span class='ocrx_word' id='word_1_103' title='bbox 835 1300 1064 1358; x_wconf 91' lang='lat' dir='ltr'>ostendi</span> <span class='ocrx_word' id='word_1_104' title='bbox 1086 1303 1267 1381; x_wconf 90' lang='lat' dir='ltr'>possit</span> <span class='ocrx_word' id='word_1_105' title='bbox 1286 1346 1301 1375; x_wconf 66' lang='lat'>7</span> <span class='ocrx_word' id='word_1_106' title='bbox 1329 1303 1414 1360; x_wconf 89' lang='lat' dir='ltr'>uti</span> <span class='ocrx_word' id='word_1_107' title='bbox 1443 1323 1514 1361; x_wconf 85' lang='lat' dir='ltr'>ex</span> <span class='ocrx_word' id='word_1_108' title='bbox 1541 1301 1796 1361; x_wconf 89' lang='lat' dir='ltr'>dicendis</span> <span class='ocrx_word' id='word_1_109' title='bbox 1819 1304 2040 1384; x_wconf 85' lang='lat' dir='ltr'>patebit</span> <span class='ocrx_word' id='word_1_110' title='bbox 2066 1306 2177 1385; x_wconf 87' lang='lat' dir='ltr'>(l).</span> 
     </span>
     <span class='ocr_line' id='line_1_13' title="bbox 92 1394 2183 1478; baseline 0.003 -25"><span class='ocrx_word' id='word_1_111' title='bbox 92 1397 208 1453; x_wconf 90' lang='lat' dir='ltr'>Nec</span> <span class='ocrx_word' id='word_1_112' title='bbox 229 1394 467 1452; x_wconf 89' lang='lat' dir='ltr'>omnino</span> <span class='ocrx_word' id='word_1_113' title='bbox 498 1394 823 1473; x_wconf 90' lang='lat' dir='ltr'>spernenda</span> <span class='ocrx_word' id='word_1_114' title='bbox 848 1394 1103 1476; x_wconf 86' lang='lat' dir='ltr'>denique</span> <span class='ocrx_word' id='word_1_115' title='bbox 1130 1407 1217 1454; x_wconf 84' lang='lat' dir='ltr'>est</span> <span class='ocrx_word' id='word_1_116' title='bbox 1244 1398 1389 1454; x_wconf 87' lang='lat' dir='ltr'>ratio</span> <span class='ocrx_word' id='word_1_117' title='bbox 1409 1441 1424 1470; x_wconf 78' lang='grc'><em>,</em></span> <span class='ocrx_word' id='word_1_118' title='bbox 1463 1418 1494 1454; x_wconf 91' lang='lat' dir='ltr'>a</span> <span class='ocrx_word' id='word_1_119' title='bbox 1519 1398 1848 1478; x_wconf 87' lang='lat' dir='ltr'>posterioris</span> <span class='ocrx_word' id='word_1_120' title='bbox 1877 1400 2183 1459; x_wconf 56' lang='lat' dir='ltr'>sententia}</span> 
     </span>
     <span class='ocr_line' id='line_1_14' title="bbox 86 1489 2186 1576; baseline 0.003 -28"><span class='ocrx_word' id='word_1_121' title='bbox 86 1491 345 1571; x_wconf 90' lang='lat' dir='ltr'>patronis</span> <span class='ocrx_word' id='word_1_122' title='bbox 387 1489 634 1548; x_wconf 88' lang='lat' dir='ltr'>deducta</span> <span class='ocrx_word' id='word_1_123' title='bbox 671 1510 741 1548; x_wconf 81' lang='lat' dir='ltr'>ex</span> <span class='ocrx_word' id='word_1_124' title='bbox 781 1502 989 1548; x_wconf 87' lang='lat' dir='ltr'>natura</span> <span class='ocrx_word' id='word_1_125' title='bbox 1023 1502 1350 1550; x_wconf 87' lang='lat' dir='ltr'>contractus</span> <span class='ocrx_word' id='word_1_126' title='bbox 1374 1492 1666 1551; x_wconf 65' lang='lat' dir='ltr'>‚naturalis</span> <span class='ocrx_word' id='word_1_127' title='bbox 1697 1505 1798 1551; x_wconf 87' lang='lat' dir='ltr'>aut</span> <span class='ocrx_word' id='word_1_128' title='bbox 1829 1495 2040 1569; x_wconf 73' lang='lat' dir='ltr'>civilis,</span> <span class='ocrx_word' id='word_1_129' title='bbox 2083 1497 2186 1576; x_wconf 87' lang='lat' dir='ltr'>qui</span> 
     </span>
     <span class='ocr_line' id='line_1_15' title="bbox 86 1584 2183 1666; baseline 0.002 -23"><span class='ocrx_word' id='word_1_130' title='bbox 86 1606 192 1666; x_wconf 89' lang='lat' dir='ltr'>per</span> <span class='ocrx_word' id='word_1_131' title='bbox 216 1605 276 1642; x_wconf 92' lang='lat' dir='ltr'>se</span> <span class='ocrx_word' id='word_1_132' title='bbox 304 1584 543 1642; x_wconf 92' lang='lat' dir='ltr'>minime</span> <span class='ocrx_word' id='word_1_133' title='bbox 574 1584 828 1664; x_wconf 88' lang='lat' dir='ltr'>postulat</span> <span class='ocrx_word' id='word_1_134' title='bbox 856 1585 1257 1644; x_wconf 88' lang='lat' dir='ltr'>omnimodam</span> <span class='ocrx_word' id='word_1_135' title='bbox 1292 1587 1663 1660; x_wconf 74' lang='lat' dir='ltr'>firmitatemt,</span> <span class='ocrx_word' id='word_1_136' title='bbox 1705 1608 1837 1645; x_wconf 90' lang='lat' dir='ltr'>cum</span> <span class='ocrx_word' id='word_1_137' title='bbox 1871 1588 2183 1647; x_wconf 89' lang='lat' dir='ltr'>indissolu-</span> 
     </span>
     <span class='ocr_line' id='line_1_16' title="bbox 85 1677 2179 1761; baseline 0.003 -26"><span class='ocrx_word' id='word_1_138' title='bbox 85 1677 275 1736; x_wconf 85' lang='lat' dir='ltr'>bilitas</span> <span class='ocrx_word' id='word_1_139' title='bbox 312 1679 667 1736; x_wconf 88' lang='lat' dir='ltr'>Matrimonii</span> <span class='ocrx_word' id='word_1_140' title='bbox 708 1678 1170 1738; x_wconf 87' lang='lat' dir='ltr'>Christianorum</span> <span class='ocrx_word' id='word_1_141' title='bbox 1210 1681 1377 1739; x_wconf 90' lang='lat' dir='ltr'>unice</span> <span class='ocrx_word' id='word_1_142' title='bbox 1415 1680 1666 1761; x_wconf 90' lang='lat' dir='ltr'>pendeat</span> <span class='ocrx_word' id='word_1_143' title='bbox 1708 1703 1740 1739; x_wconf 92' lang='lat' dir='ltr'>a</span> <span class='ocrx_word' id='word_1_144' title='bbox 1774 1683 2179 1755; x_wconf 74' lang='lat' dir='ltr'>Sacramentn,</span> 
     </span>
     <span class='ocr_line' id='line_1_17' title="bbox 87 1772 2182 1856; baseline 0.003 -26"><span class='ocrx_word' id='word_1_145' title='bbox 87 1793 261 1853; x_wconf 89' lang='lat' dir='ltr'>quam</span> <span class='ocrx_word' id='word_1_146' title='bbox 294 1772 367 1831; x_wconf 92' lang='lat' dir='ltr'>ob</span> <span class='ocrx_word' id='word_1_147' title='bbox 390 1793 617 1831; x_wconf 91' lang='lat' dir='ltr'>causam</span> <span class='ocrx_word' id='word_1_148' title='bbox 642 1794 732 1831; x_wconf 75' lang='lat' dir='ltr'>res</span> <span class='ocrx_word' id='word_1_149' title='bbox 761 1775 1142 1832; x_wconf 79' lang='lat' dir='ltr'>Sacramenti</span> <span class='ocrx_word' id='word_1_150' title='bbox 1173 1786 1312 1854; x_wconf 89' lang='lat' dir='ltr'>post·</span> <span class='ocrx_word' id='word_1_151' title='bbox 1331 1777 1389 1833; x_wconf 88' lang='lat' dir='ltr'>S.</span> <span class='ocrx_word' id='word_1_152' title='bbox 1421 1775 1800 1853; x_wconf 80' lang='lat' dir='ltr'>Augus-tinum</span> <span class='ocrx_word' id='word_1_153' title='bbox 1824 1797 1857 1834; x_wconf 91' lang='lat' dir='ltr'>a</span> <span class='ocrx_word' id='word_1_154' title='bbox 1885 1776 2182 1856; x_wconf 80' lang='lat' dir='ltr'>Theologis</span> 
     </span>
     <span class='ocr_line' id='line_1_18' title="bbox 87 1868 2182 1948; baseline 0.002 -23"><span class='ocrx_word' id='word_1_155' title='bbox 87 1887 153 1925; x_wconf 91' lang='lat' dir='ltr'>ea</span> <span class='ocrx_word' id='word_1_156' title='bbox 188 1879 457 1940; x_wconf 87' lang='lat' dir='ltr'>vocatur,</span> <span class='ocrx_word' id='word_1_157' title='bbox 495 1878 695 1948; x_wconf 86' lang='lat' dir='ltr'>utpote</span> <span class='ocrx_word' id='word_1_158' title='bbox 734 1868 836 1925; x_wconf 92' lang='lat' dir='ltr'>dos</span> <span class='ocrx_word' id='word_1_159' title='bbox 875 1879 933 1926; x_wconf 87' lang='lat' dir='ltr'>et</span> <span class='ocrx_word' id='word_1_160' title='bbox 973 1869 1299 1948; x_wconf 83' lang='lat' dir='ltr'>proprietas·</span> <span class='ocrx_word' id='word_1_161' title='bbox 1329 1869 1575 1946; x_wconf 84' lang='lat' dir='ltr'>conjugii</span> <span class='ocrx_word' id='word_1_162' title='bbox 1611 1868 1908 1928; x_wconf 87' lang='lat' dir='ltr'>christiani</span> <span class='ocrx_word' id='word_1_163' title='bbox 1943 1892 2044 1928; x_wconf 90' lang='lat' dir='ltr'>seu</span> <span class='ocrx_word' id='word_1_164' title='bbox 2077 1874 2182 1929; x_wconf 90' lang='lat' dir='ltr'>Sa-</span> 
     </span>
     <span class='ocr_line' id='line_1_19' title="bbox 89 1961 2181 2043; baseline 0.002 -25"><span class='ocrx_word' id='word_1_165' title='bbox 89 1961 388 2019; x_wconf 87' lang='lat' dir='ltr'>cramenti.</span> <span class='ocrx_word' id='word_1_166' title='bbox 416 1962 564 2019; x_wconf 88' lang='lat' dir='ltr'>Hinc</span> <span class='ocrx_word' id='word_1_167' title='bbox 584 1962 648 2019; x_wconf 87' lang='lat' dir='ltr'>in</span> <span class='ocrx_word' id='word_1_168' title='bbox 681 1961 1138 2029; x_wconf 86' lang='lat' dir='ltr'>adversariorum</span> <span class='ocrx_word' id='word_1_169' title='bbox 1174 1962 1384 2042; x_wconf 89' lang='lat' dir='ltr'>placito</span> <span class='ocrx_word' id='word_1_170' title='bbox 1412 2007 1428 2035; x_wconf 64' lang='lat' dir='ltr'>a</span> <span class='ocrx_word' id='word_1_171' title='bbox 1454 1962 1613 2042; x_wconf 87' lang='lat' dir='ltr'>quod</span> <span class='ocrx_word' id='word_1_172' title='bbox 1653 1964 1847 2024; x_wconf 85' lang='lat' dir='ltr'>omnia,</span> <span class='ocrx_word' id='word_1_173' title='bbox 1883 1965 2181 2043; x_wconf 78' lang='lat' dir='ltr'>conjugia,</span> 
     </span>
     <span class='ocr_line' id='line_1_20' title="bbox 90 2053 2177 2136; baseline 0.002 -25"><span class='ocrx_word' id='word_1_174' title='bbox 90 2053 307 2136; x_wconf 89' lang='lat' dir='ltr'>absque</span> <span class='ocrx_word' id='word_1_175' title='bbox 331 2054 666 2114; x_wconf 90' lang='lat' dir='ltr'>sacerdotali</span> <span class='ocrx_word' id='word_1_176' title='bbox 689 2054 1094 2116; x_wconf 86' lang='lat' dir='ltr'>benedictione</span> <span class='ocrx_word' id='word_1_177' title='bbox 1116 2056 1258 2116; x_wconf 87' lang='lat' dir='ltr'>inita</span> <span class='ocrx_word' id='word_1_178' title='bbox 1280 2099 1297 2128; x_wconf 89' lang='lat'>,</span> <span class='ocrx_word' id='word_1_179' title='bbox 1333 2078 1454 2114; x_wconf 91' lang='lat' dir='ltr'>non</span> <span class='ocrx_word' id='word_1_180' title='bbox 1490 2056 1681 2115; x_wconf 88' lang='lat' dir='ltr'>forent</span> <span class='ocrx_word' id='word_1_181' title='bbox 1706 2057 1818 2115; x_wconf 87' lang='lat' dir='ltr'>nisi</span> <span class='ocrx_word' id='word_1_182' title='bbox 1849 2068 2177 2118; x_wconf 88' lang='lat' dir='ltr'>contractus</span> 
     </span>
     <span class='ocr_line' id='line_1_21' title="bbox 89 2148 2180 2231; baseline 0.003 -26"><span class='ocrx_word' id='word_1_183' title='bbox 89 2148 312 2223; x_wconf 77' lang='lat' dir='ltr'>civileS‚</span> <span class='ocrx_word' id='word_1_184' title='bbox 347 2160 684 2230; x_wconf 88' lang='lat' dir='ltr'>sequeretur</span> <span class='ocrx_word' id='word_1_185' title='bbox 706 2193 722 2223; x_wconf 82' lang='grc'><em>,</em></span> <span class='ocrx_word' id='word_1_186' title='bbox 752 2171 815 2209; x_wconf 88' lang='lat' dir='ltr'>ea</span> <span class='ocrx_word' id='word_1_187' title='bbox 846 2170 968 2208; x_wconf 89' lang='lat' dir='ltr'>esse</span> <span class='ocrx_word' id='word_1_188' title='bbox 989 2171 1095 2231; x_wconf 90' lang='lat' dir='ltr'>per</span> <span class='ocrx_word' id='word_1_189' title='bbox 1123 2171 1183 2209; x_wconf 88' lang='lat' dir='ltr'>se</span> <span class='ocrx_word' id='word_1_190' title='bbox 1210 2149 1562 2208; x_wconf 87' lang='lat' dir='ltr'>dissolubilia</span> <span class='ocrx_word' id='word_1_191' title='bbox 1582 2194 1598 2223; x_wconf 76' lang='lat'>,</span> <span class='ocrx_word' id='word_1_192' title='bbox 1624 2170 1690 2208; x_wconf 90' lang='lat' dir='ltr'>ac</span> <span class='ocrx_word' id='word_1_193' title='bbox 1712 2151 2047 2211; x_wconf 88' lang='lat' dir='ltr'>omnimoda</span> <span class='ocrx_word' id='word_1_194' title='bbox 2076 2154 2180 2210; x_wconf 90' lang='lat' dir='ltr'>fir-</span> 
     </span>
     <span class='ocr_line' id='line_1_22' title="bbox 89 2242 2182 2325; baseline 0.003 -26"><span class='ocrx_word' id='word_1_195' title='bbox 89 2242 290 2301; x_wconf 89' lang='lat' dir='ltr'>mitate</span> <span class='ocrx_word' id='word_1_196' title='bbox 311 2243 585 2302; x_wconf 89' lang='lat' dir='ltr'>destituta</span> <span class='ocrx_word' id='word_1_197' title='bbox 609 2244 731 2323; x_wconf 79' lang='lat'><strong>(2);</strong></span> <span class='ocrx_word' id='word_1_198' title='bbox 766 2244 922 2325; x_wconf 92' lang='lat' dir='ltr'>quod</span> <span class='ocrx_word' id='word_1_199' title='bbox 946 2243 1230 2302; x_wconf 90' lang='lat' dir='ltr'>absonum</span> <span class='ocrx_word' id='word_1_200' title='bbox 1259 2254 1346 2303; x_wconf 87' lang='lat' dir='ltr'>est</span> <span class='ocrx_word' id='word_1_201' title='bbox 1369 2254 1429 2302; x_wconf 86' lang='lat' dir='ltr'>et</span> <span class='ocrx_word' id='word_1_202' title='bbox 1453 2243 1712 2303; x_wconf 86' lang='lat' dir='ltr'>Ecclesiae</span> <span class='ocrx_word' id='word_1_203' title='bbox 1739 2243 2015 2304; x_wconf 69' lang='lat' dir='ltr'>doctrinae</span> <span class='ocrx_word' id='word_1_204' title='bbox 2039 2266 2182 2304; x_wconf 90' lang='lat' dir='ltr'>con-</span> 
     </span>
     <span class='ocr_line' id='line_1_23' title="bbox 85 2338 2181 2420; baseline 0.002 -26"><span class='ocrx_word' id='word_1_205' title='bbox 85 2338 352 2396; x_wconf 81' lang='lat' dir='ltr'>trarium.</span> <span class='ocrx_word' id='word_1_206' title='bbox 393 2338 497 2396; x_wconf 85' lang='lat' dir='ltr'>His</span> <span class='ocrx_word' id='word_1_207' title='bbox 530 2339 863 2420; x_wconf 69' lang='lat' dir='ltr'>perpensis,</span> <span class='ocrx_word' id='word_1_208' title='bbox 906 2339 1209 2420; x_wconf 88' lang='lat' dir='ltr'>posteriori</span> <span class='ocrx_word' id='word_1_209' title='bbox 1251 2338 1384 2396; x_wconf 89' lang='lat' dir='ltr'>huic</span> <span class='ocrx_word' id='word_1_210' title='bbox 1418 2339 1748 2412; x_wconf 66' lang='lat' dir='ltr'>sententiae,</span> <span class='ocrx_word' id='word_1_211' title='bbox 1789 2359 1919 2418; x_wconf 86' lang='lat' dir='ltr'>quae</span> <span class='ocrx_word' id='word_1_212' title='bbox 1964 2339 2028 2397; x_wconf 91' lang='lat' dir='ltr'>in</span> <span class='ocrx_word' id='word_1_213' title='bbox 2071 2339 2181 2398; x_wconf 91' lang='lat' dir='ltr'>hac</span> 
     </span>
    </p>
   </div>
   <div class='ocr_carea' id='block_1_3' title="bbox 15 2431 2253 2584">
    <p class='ocr_par' dir='ltr' id='par_1_3' title="bbox 15 2431 2253 2584">
     <span class='ocr_line' id='line_1_24' title="bbox 15 2431 2253 2515; baseline 0.002 -28"><span class='ocrx_word' id='word_1_214' title='bbox 15 2499 17 2502; x_wconf 6' lang='grc' dir='ltr'><em>Α</em></span> <span class='ocrx_word' id='word_1_215' title='bbox 93 2432 347 2490; x_wconf 88' lang='lat' dir='ltr'>Romana</span> <span class='ocrx_word' id='word_1_216' title='bbox 370 2432 609 2491; x_wconf 84' lang='lat' dir='ltr'>Ecclesia</span> <span class='ocrx_word' id='word_1_217' title='bbox 626 2434 842 2514; x_wconf 83' lang='lat' dir='ltr'>pariter</span> <span class='ocrx_word' id='word_1_218' title='bbox 861 2435 1009 2513; x_wconf 80' lang='lat' dir='ltr'>viget</span> <span class='ocrx_word' id='word_1_219' title='bbox 1024 2479 1041 2510; x_wconf 83' lang='lat'>,</span> <span class='ocrx_word' id='word_1_220' title='bbox 1065 2433 1238 2515; x_wconf 84' lang='lat' dir='ltr'>plene</span> <span class='ocrx_word' id='word_1_221' title='bbox 1252 2432 1665 2491; x_wconf 84' lang='lat' dir='ltr'>adhaerendum</span> <span class='ocrx_word' id='word_1_222' title='bbox 1687 2431 1950 2491; x_wconf 89' lang='lat' dir='ltr'>ducimus</span> <span class='ocrx_word' id='word_1_223' title='bbox 1968 2475 1987 2506; x_wconf 79' lang='grc'><em>,</em></span> <span class='ocrx_word' id='word_1_224' title='bbox 2013 2433 2179 2515; x_wconf 85' lang='lat' dir='ltr'>eique</span> <span class='ocrx_word' id='word_1_225' title='bbox 2248 2475 2253 2478; x_wconf 87' lang='lat'><em>-</em></span> 
     </span>
     <span class='ocr_line' id='line_1_25' title="bbox 93 2524 642 2584; baseline 0.004 -2"><span class='ocrx_word' id='word_1_226' title='bbox 93 2524 522 2584; x_wconf 78' lang='lat' dir='ltr'>subscribimUS.</span> <span class='ocrx_word' id='word_1_227' title='bbox 634 2576 642 2577; x_wconf 23' lang='lat' dir='ltr'><em>ff</em></span> 
     </span>
    </p>
   </div>
   <div class='ocr_carea' id='block_1_4' title="bbox 91 2768 2183 3721">
    <p class='ocr_par' dir='ltr' id='par_1_4' title="bbox 91 2768 2180 2916">
     <span class='ocr_line' id='line_1_26' title="bbox 91 2768 2180 2837; baseline 0.001 -20"><span class='ocrx_word' id='word_1_228' title='bbox 91 2769 502 2833; x_wconf 75' lang='lat' dir='ltr'>Kirclzenzeitunq</span> <span class='ocrx_word' id='word_1_229' title='bbox 535 2807 547 2830; x_wconf 83' lang='lat'><strong>‚</strong></span> <span class='ocrx_word' id='word_1_230' title='bbox 614 2768 767 2827; x_wconf 80' lang='lat'>1836;</span> <span class='ocrx_word' id='word_1_231' title='bbox 812 2770 1091 2818; x_wconf 71' lang='lat' dir='ltr'>Ferdinand:</span> <span class='ocrx_word' id='word_1_232' title='bbox 1175 2770 1472 2835; x_wconf 86' lang='lat' dir='ltr'>querelasque</span> <span class='ocrx_word' id='word_1_233' title='bbox 1495 2770 1776 2836; x_wconf 80' lang='lat' dir='ltr'>jactantibus</span> <span class='ocrx_word' id='word_1_234' title='bbox 1799 2773 1849 2819; x_wconf 91' lang='lat' dir='ltr'>in</span> <span class='ocrx_word' id='word_1_235' title='bbox 1869 2772 2071 2837; x_wconf 83' lang='lat' dir='ltr'>opposita</span> <span class='ocrx_word' id='word_1_236' title='bbox 2082 2773 2180 2836; x_wconf 88' lang='lat' dir='ltr'>opi-</span> 
     </span>
     <span class='ocr_line' id='line_1_27' title="bbox 91 2850 1704 2916; baseline 0.001 -16"><span class='ocrx_word' id='word_1_237' title='bbox 91 2851 295 2914; x_wconf 83' lang='lat' dir='ltr'>Walter‚</span> <span class='ocrx_word' id='word_1_238' title='bbox 335 2851 583 2899; x_wconf 80' lang='lat' dir='ltr'>Canonista</span> <span class='ocrx_word' id='word_1_239' title='bbox 609 2851 859 2899; x_wconf 88' lang='lat' dir='ltr'>Bonnensis</span> <span class='ocrx_word' id='word_1_240' title='bbox 886 2888 898 2908; x_wconf 88' lang='lat'>‚</span> <span class='ocrx_word' id='word_1_241' title='bbox 942 2850 1092 2898; x_wconf 79' lang='lat' dir='ltr'>Lehr·</span> <span class='ocrx_word' id='word_1_242' title='bbox 1176 2855 1314 2900; x_wconf 89' lang='lat' dir='ltr'>nione</span> <span class='ocrx_word' id='word_1_243' title='bbox 1343 2853 1704 2916; x_wconf 81' lang='lat' dir='ltr'>perstringenda.</span> 
     </span>
    </p>

    <p class='ocr_par' dir='ltr' id='par_1_5' title="bbox 98 2916 2183 3568">
     <span class='ocr_line' id='line_1_28' title="bbox 98 2916 2179 3002; baseline 0.001 -22"><span class='ocrx_word' id='word_1_244' title='bbox 98 2916 227 2980; x_wconf 27' lang='lat' dir='ltr'>buch*</span> <span class='ocrx_word' id='word_1_245' title='bbox 256 2933 335 2980; x_wconf 74' lang='lat' dir='ltr'>des</span> <span class='ocrx_word' id='word_1_246' title='bbox 364 2931 730 2980; x_wconf 75' lang='lat' dir='ltr'>Kirchenreckts</span> <span class='ocrx_word' id='word_1_247' title='bbox 774 2950 853 2979; x_wconf 90' lang='lat' dir='ltr'>seu</span> <span class='ocrx_word' id='word_1_248' title='bbox 886 2933 1095 2978; x_wconf 75' lang='lat' dir='ltr'>Institu-</span> <span class='ocrx_word' id='word_1_249' title='bbox 1245 2933 1308 2997; x_wconf 91' lang='lat' dir='ltr'>(l)</span> <span class='ocrx_word' id='word_1_250' title='bbox 1344 2933 1432 2981; x_wconf 86' lang='lat' dir='ltr'>Res</span> <span class='ocrx_word' id='word_1_251' title='bbox 1451 2943 1517 2981; x_wconf 82' lang='lat' dir='ltr'>est</span> <span class='ocrx_word' id='word_1_252' title='bbox 1537 2944 1696 2982; x_wconf 87' lang='lat' dir='ltr'>notatu</span> <span class='ocrx_word' id='word_1_253' title='bbox 1721 2933 1983 2998; x_wconf 73' lang='lat' dir='ltr'>dignissima</span> <span class='ocrx_word' id='word_1_254' title='bbox 2005 2973 2018 2993; x_wconf 91' lang='lat'>,</span> <span class='ocrx_word' id='word_1_255' title='bbox 2051 2937 2179 3002; x_wconf 15' lang='lat' dir='ltr'>quod*</span> 
     </span>
     <span class='ocr_line' id='line_1_29' title="bbox 100 3010 2174 3081; baseline 0.002 -22"><span class='ocrx_word' id='word_1_256' title='bbox 100 3015 246 3061; x_wconf 69' lang='lat' dir='ltr'>tiones</span> <span class='ocrx_word' id='word_1_257' title='bbox 266 3017 403 3079; x_wconf 78' lang='lat' dir='ltr'>juris</span> <span class='ocrx_word' id='word_1_258' title='bbox 434 3015 659 3062; x_wconf 78' lang='lat' dir='ltr'>canonici</span> <span class='ocrx_word' id='word_1_259' title='bbox 675 3046 692 3075; x_wconf 84' lang='lat'><strong>,</strong></span> <span class='ocrx_word' id='word_1_260' title='bbox 721 3013 891 3061; x_wconf 89' lang='lat' dir='ltr'>Bonnae</span> <span class='ocrx_word' id='word_1_261' title='bbox 937 3010 1092 3079; x_wconf 86' lang='lat'>1829,</span> <span class='ocrx_word' id='word_1_262' title='bbox 1176 3033 1335 3064; x_wconf 88' lang='lat' dir='ltr'>omnes</span> <span class='ocrx_word' id='word_1_263' title='bbox 1378 3017 1684 3065; x_wconf 82' lang='lat' dir='ltr'>ecclesiasticae</span> <span class='ocrx_word' id='word_1_264' title='bbox 1722 3020 1950 3081; x_wconf 84' lang='lat' dir='ltr'>potestatis</span> <span class='ocrx_word' id='word_1_265' title='bbox 1995 3033 2174 3075; x_wconf 80' lang='lat' dir='ltr'>osores,</span> 
     </span>
     <span class='ocr_line' id='line_1_30' title="bbox 101 3092 2183 3163; baseline 0 -21"><span class='ocrx_word' id='word_1_266' title='bbox 101 3092 130 3159; x_wconf 57' lang='grc' dir='ltr'>ᾗ</span> <span class='ocrx_word' id='word_1_267' title='bbox 153 3094 268 3153; x_wconf 85' lang='lat'><strong>310,</strong></span> <span class='ocrx_word' id='word_1_268' title='bbox 292 3113 394 3158; x_wconf 85' lang='lat' dir='ltr'>pag.</span> <span class='ocrx_word' id='word_1_269' title='bbox 423 3094 543 3154; x_wconf 86' lang='lat'><strong>565,</strong></span> <span class='ocrx_word' id='word_1_270' title='bbox 568 3105 662 3142; x_wconf 89' lang='lat' dir='ltr'>not.</span> <span class='ocrx_word' id='word_1_271' title='bbox 680 3094 769 3158; x_wconf 75' lang='lat' dir='ltr'>(o);</span> <span class='ocrx_word' id='word_1_272' title='bbox 793 3093 935 3141; x_wconf 85' lang='lat' dir='ltr'>Henr.</span> <span class='ocrx_word' id='word_1_273' title='bbox 962 3094 1091 3153; x_wconf 86' lang='lat' dir='ltr'>Klee,</span> <span class='ocrx_word' id='word_1_274' title='bbox 1174 3099 1433 3163; x_wconf 80' lang='lat' dir='ltr'>jansenistae</span> <span class='ocrx_word' id='word_1_275' title='bbox 1451 3107 1530 3144; x_wconf 88' lang='lat' dir='ltr'>aut</span> <span class='ocrx_word' id='word_1_276' title='bbox 1557 3094 1888 3161; x_wconf 80' lang='lat' dir='ltr'>jansenismum</span> <span class='ocrx_word' id='word_1_277' title='bbox 1921 3097 2039 3144; x_wconf 87' lang='lat' dir='ltr'>male</span> <span class='ocrx_word' id='word_1_278' title='bbox 2061 3096 2183 3143; x_wconf 89' lang='lat' dir='ltr'>olen·</span> 
     </span>
     <span class='ocr_line' id='line_1_31' title="bbox 105 3175 2179 3242; baseline 0 -20"><span class='ocrx_word' id='word_1_279' title='bbox 105 3175 206 3223; x_wconf 74' lang='lat' dir='ltr'>Die</span> <span class='ocrx_word' id='word_1_280' title='bbox 226 3177 271 3222; x_wconf 83' lang='lat' dir='ltr'>E</span> <span class='ocrx_word' id='word_1_281' title='bbox 274 3177 329 3224; x_wconf 80' lang='lat' dir='ltr'>lte</span> <span class='ocrx_word' id='word_1_282' title='bbox 348 3211 363 3237; x_wconf 84' lang='lat'>,</span> <span class='ocrx_word' id='word_1_283' title='bbox 393 3180 499 3225; x_wconf 77' lang='lat' dir='ltr'>eine</span> <span class='ocrx_word' id='word_1_284' title='bbox 527 3175 1092 3242; x_wconf 71' lang='lat' dir='ltr'>doqmatisch-archaeolo·</span> <span class='ocrx_word' id='word_1_285' title='bbox 1175 3188 1244 3226; x_wconf 80' lang='lat' dir='ltr'>tes</span> <span class='ocrx_word' id='word_1_286' title='bbox 1265 3214 1278 3237; x_wconf 87' lang='lat'>‚</span> <span class='ocrx_word' id='word_1_287' title='bbox 1311 3188 1451 3242; x_wconf 82' lang='lat' dir='ltr'>atque</span> <span class='ocrx_word' id='word_1_288' title='bbox 1478 3179 1685 3227; x_wconf 86' lang='lat' dir='ltr'>homiues</span> <span class='ocrx_word' id='word_1_289' title='bbox 1713 3179 1922 3227; x_wconf 82' lang='lat' dir='ltr'>civilibus</span> <span class='ocrx_word' id='word_1_290' title='bbox 1939 3178 2075 3225; x_wconf 79' lang='lat' dir='ltr'>curiis</span> <span class='ocrx_word' id='word_1_291' title='bbox 2092 3177 2179 3224; x_wconf 86' lang='lat' dir='ltr'>ad-</span> 
     </span>
     <span class='ocr_line' id='line_1_32' title="bbox 102 3256 2179 3324; baseline 0.001 -21"><span class='ocrx_word' id='word_1_292' title='bbox 102 3256 606 3322; x_wconf 72' lang='lat' dir='ltr'>qischedbhandluny,</span> <span class='ocrx_word' id='word_1_293' title='bbox 622 3257 1092 3314; x_wconf 76' lang='lat' dir='ltr'>seuMatrimonium,</span> <span class='ocrx_word' id='word_1_294' title='bbox 1178 3259 1284 3307; x_wconf 88' lang='lat' dir='ltr'>dicti</span> <span class='ocrx_word' id='word_1_295' title='bbox 1304 3298 1322 3319; x_wconf 89' lang='lat'><em>,</em></span> <span class='ocrx_word' id='word_1_296' title='bbox 1353 3277 1468 3324; x_wconf 80' lang='lat' dir='ltr'>quos</span> <span class='ocrx_word' id='word_1_297' title='bbox 1505 3261 1640 3324; x_wconf 84' lang='lat' dir='ltr'>vulgo</span> <span class='ocrx_word' id='word_1_298' title='bbox 1665 3258 1912 3322; x_wconf 73' lang='lat' dir='ltr'>reqalistas</span> <span class='ocrx_word' id='word_1_299' title='bbox 1937 3274 2179 3322; x_wconf 87' lang='lat' dir='ltr'>nuncupa-</span> 
     </span>
     <span class='ocr_line' id='line_1_33' title="bbox 104 3335 2176 3405; baseline 0 -20"><span class='ocrx_word' id='word_1_300' title='bbox 104 3335 383 3385; x_wconf 72' lang='lat' dir='ltr'>Dissertatio</span> <span class='ocrx_word' id='word_1_301' title='bbox 442 3336 1038 3403; x_wconf 72' lang='lat' dir='ltr'>doymaeico-archeoloqica</span> <span class='ocrx_word' id='word_1_302' title='bbox 1079 3373 1093 3396; x_wconf 86' lang='lat'><strong>‚</strong></span> <span class='ocrx_word' id='word_1_303' title='bbox 1177 3358 1296 3396; x_wconf 84' lang='lat' dir='ltr'>mus,</span> <span class='ocrx_word' id='word_1_304' title='bbox 1314 3341 1429 3388; x_wconf 87' lang='lat' dir='ltr'>facto</span> <span class='ocrx_word' id='word_1_305' title='bbox 1444 3343 1622 3405; x_wconf 78' lang='lat' dir='ltr'>agmine</span> <span class='ocrx_word' id='word_1_306' title='bbox 1636 3357 1730 3388; x_wconf 84' lang='lat' dir='ltr'>sese</span> <span class='ocrx_word' id='word_1_307' title='bbox 1744 3340 2030 3403; x_wconf 81' lang='lat' dir='ltr'>praestiterint</span> <span class='ocrx_word' id='word_1_308' title='bbox 2044 3355 2176 3387; x_wconf 81' lang='lat' dir='ltr'>novae</span> 
     </span>
     <span class='ocr_line' id='line_1_34' title="bbox 105 3416 2178 3486; baseline 0.001 -21"><span class='ocrx_word' id='word_1_309' title='bbox 105 3418 257 3466; x_wconf 81' lang='lat' dir='ltr'>Mainz</span> <span class='ocrx_word' id='word_1_310' title='bbox 307 3416 462 3477; x_wconf 82' lang='lat'>1835,</span> <span class='ocrx_word' id='word_1_311' title='bbox 498 3437 603 3483; x_wconf 79' lang='lat' dir='ltr'>pag.</span> <span class='ocrx_word' id='word_1_312' title='bbox 651 3416 749 3477; x_wconf 79' lang='lat'>653</span> <span class='ocrx_word' id='word_1_313' title='bbox 786 3418 841 3466; x_wconf 92' lang='lat' dir='ltr'>B.</span> <span class='ocrx_word' id='word_1_314' title='bbox 882 3417 1098 3483; x_wconf 68' lang='lat' dir='ltr'>bigami,</span> <span class='ocrx_word' id='word_1_315' title='bbox 1181 3421 1322 3486; x_wconf 84' lang='lat' dir='ltr'>hujus</span> <span class='ocrx_word' id='word_1_316' title='bbox 1362 3422 1588 3486; x_wconf 85' lang='lat' dir='ltr'>opinionis</span> <span class='ocrx_word' id='word_1_317' title='bbox 1617 3419 1960 3483; x_wconf 71' lang='lat' dir='ltr'>adstipulatores</span> <span class='ocrx_word' id='word_1_318' title='bbox 1989 3429 2178 3468; x_wconf 79' lang='lat' dir='ltr'>asserto-</span> 
     </span>
     <span class='ocr_line' id='line_1_35' title="bbox 106 3499 1365 3568; baseline 0.001 -19"><span class='ocrx_word' id='word_1_319' title='bbox 106 3511 234 3549; x_wconf 84' lang='lat' dir='ltr'>tract.</span> <span class='ocrx_word' id='word_1_320' title='bbox 253 3500 332 3548; x_wconf 79' lang='lat' dir='ltr'>De</span> <span class='ocrx_word' id='word_1_321' title='bbox 351 3502 578 3551; x_wconf 79' lang='lat' dir='ltr'>Matr-im.</span> <span class='ocrx_word' id='word_1_322' title='bbox 594 3501 762 3566; x_wconf 86' lang='lat' dir='ltr'>aliique</span> <span class='ocrx_word' id='word_1_323' title='bbox 789 3503 973 3564; x_wconf 78' lang='lat' dir='ltr'>passim,</span> <span class='ocrx_word' id='word_1_324' title='bbox 987 3499 1099 3548; x_wconf 84' lang='lat' dir='ltr'>adeo</span> <span class='ocrx_word' id='word_1_325' title='bbox 1183 3519 1365 3568; x_wconf 81' lang='lat' dir='ltr'>resque.</span> 
     </span>
    </p>

    <p class='ocr_par' dir='ltr' id='par_1_6' title="bbox 104 3579 2180 3721">
     <span class='ocr_line' id='line_1_36' title="bbox 106 3579 2180 3647; baseline -0.001 -16"><span class='ocrx_word' id='word_1_326' title='bbox 106 3593 157 3631; x_wconf 76' lang='lat' dir='ltr'>ut</span> <span class='ocrx_word' id='word_1_327' title='bbox 192 3583 290 3631; x_wconf 83' lang='lat' dir='ltr'>baec</span> <span class='ocrx_word' id='word_1_328' title='bbox 335 3584 555 3630; x_wconf 83' lang='lat' dir='ltr'>sententia</span> <span class='ocrx_word' id='word_1_329' title='bbox 601 3597 776 3647; x_wconf 77' lang='lat' dir='ltr'>semper</span> <span class='ocrx_word' id='word_1_330' title='bbox 815 3583 1103 3630; x_wconf 85' lang='lat' dir='ltr'>communior</span> <span class='ocrx_word' id='word_1_331' title='bbox 1249 3583 1312 3646; x_wconf 78' lang='lat'>(2)</span> <span class='ocrx_word' id='word_1_332' title='bbox 1349 3580 1415 3629; x_wconf 81' lang='lat' dir='ltr'>Ex</span> <span class='ocrx_word' id='word_1_333' title='bbox 1432 3581 1521 3628; x_wconf 87' lang='lat' dir='ltr'>hac</span> <span class='ocrx_word' id='word_1_334' title='bbox 1549 3579 1839 3630; x_wconf 79' lang='lat' dir='ltr'>distinctione</span> <span class='ocrx_word' id='word_1_335' title='bbox 1854 3582 1972 3630; x_wconf 84' lang='lat' dir='ltr'>inter</span> <span class='ocrx_word' id='word_1_336' title='bbox 1999 3589 2180 3628; x_wconf 79' lang='lat' dir='ltr'>coutra-</span> 
     </span>
     <span class='ocr_line' id='line_1_37' title="bbox 104 3657 2178 3721; baseline -0.003 -7"><span class='ocrx_word' id='word_1_337' title='bbox 104 3666 334 3721; x_wconf 81' lang='lat' dir='ltr'>extiterit,</span> <span class='ocrx_word' id='word_1_338' title='bbox 383 3665 645 3715; x_wconf 80' lang='lat' dir='ltr'>adversariis</span> <span class='ocrx_word' id='word_1_339' title='bbox 685 3665 848 3714; x_wconf 79' lang='lat' dir='ltr'>frustra</span> <span class='ocrx_word' id='word_1_340' title='bbox 884 3664 1102 3714; x_wconf 77' lang='lat' dir='ltr'>clamores</span> <span class='ocrx_word' id='word_1_341' title='bbox 1184 3672 1310 3712; x_wconf 81' lang='lat' dir='ltr'>ctum</span> <span class='ocrx_word' id='word_1_342' title='bbox 1339 3661 1518 3711; x_wconf 86' lang='lat' dir='ltr'>civilem</span> <span class='ocrx_word' id='word_1_343' title='bbox 1544 3670 1588 3709; x_wconf 86' lang='lat' dir='ltr'>et</span> <span class='ocrx_word' id='word_1_344' title='bbox 1614 3657 1959 3711; x_wconf 82' lang='lat' dir='ltr'>Sacramentum</span> <span class='ocrx_word' id='word_1_345' title='bbox 1986 3663 2037 3709; x_wconf 85' lang='lat' dir='ltr'>iu</span> <span class='ocrx_word' id='word_1_346' title='bbox 2065 3675 2178 3708; x_wconf 83' lang='lat' dir='ltr'>con·</span> 
     </span>
    </p>
   </div>
   <div class='ocr_carea' id='block_1_5' title="bbox 1827 3739 1923 3816">
    <p class='ocr_par' dir='ltr' id='par_1_7' title="bbox 1827 3739 1923 3816">
     <span class='ocr_line' id='line_1_38' title="bbox 1827 3739 1923 3816; baseline 0.01 -19"><span class='ocrx_word' id='word_1_347' title='bbox 1827 3739 1923 3816; x_wconf 69' lang='lat'>15.</span> 
     </span>
    </p>
   </div>
  </div>
 </body>
</html>
