2508 4120
654 175 775 216 cn.
823 178 901 218 ιν.
948 180 1014 216 DE
1058 178 1424 219 usi-mumius
1469 181 1678 220 mx‘ris.
2094 163 2208 224 369

117 317 304 377 valeat
340 317 614 377 adversus
649 319 907 397 conjugia
942 317 1373 379 Catholicorum
1407 340 1540 378 cum
1574 320 1933 395 acatholiciS‚
1974 327 2104 402 jure
2135 347 2209 385 ex

117 412 184 468 iis
213 410 544 487 inferimus,
573 411 861 501 ejusmodi*
876 412 1307 490 conjunctiones
1342 413 1466 492 lege
1495 414 1692 474 divina
1731 415 2048 497 improbari
2089 421 2202 499 (l).

114 507 279 564 Nunc
298 527 434 566 vero
472 506 802 584 adJicimus‚
836 507 1122 566 motivum
1157 506 1310 565 illud
1338 507 1579 566 validius
1618 509 1808 568 adhuc
1842 532 1964 570 esse
2001 512 2075 571 ad
2103 513 2210 573 de-

114 601 415 660 terrendos
446 600 769 659 Catholicos
807 623 839 659 a
858 600 1168 679 jungendis
1206 601 1424 682 nuptiis
1460 623 1593 660 cum
1628 604 1957 664 acatholicis
1978 652 1993 679 ‚
2035 629 2212 688 quam

113 695 463 756 Christianos
494 716 526 752 a
557 696 829 774 conjugiis
855 695 1124 754 ineundis
1156 716 1288 754 cum
1304 695 1636 754 infidelibus
1663 717 1678 755 τ
1718 701 1779 755 1⁰
1799 701 1932 779 quia
1966 722 2210 781 perver—

112 790 284 848 sionis
315 787 636 868 periculum
674 811 742 848 eo
778 791 1006 868 gravius
1032 789 1096 847 in
1130 788 1242 847 illis
1277 800 1400 864 est,
1436 812 1550 870 quo
1585 790 1864 851 haereseos
1899 807 1998 852 aut
2037 795 2214 855 schis-

109 882 278 940 matis
314 903 606 943 venenum
639 883 912 943 occultius
953 895 1072 958 est,
1110 895 1171 942 et
1206 882 1479 941 blandius
1517 905 1581 943 ac
1622 885 1840 944 sensim
1877 888 2000 948 sine
2037 911 2208 950 sensu

108 976 349 1066 incautis
395 976 776 1057 propinatum
830 979 899 1035 20
948 978 1082 1059 quia
1116 977 1275 1058 quod
1315 977 1570 1036 infidelis
1609 980 1670 1038 vi
1705 990 2047 1062 extorquere
2088 1005 2212 1042 non

106 1081 326 1150 potest,
361 1070 592 1129 haeresis
620 1082 808 1129 astuta
831 1092 981 1152 saepe
1021 1071 1329 1152 extorquet
1366 1070 1767 1147 simulatione3
1812 1074 1876 1132 3⁰
1912 1077 2046 1157 quia
2074 1078 2211 1136 infi-

106 1165 248 1223 delis
277 1176 343 1222 ut
368 1167 597 1224 Satanae
627 1164 856 1224 satelles
889 1178 1087 1247 aperte
1124 1166 1377 1239 incedit,
1414 1167 1715 1227 haereticus
1755 1170 1975 1229 seducit
2004 1183 2067 1230 ut
2089 1175 2212 1232 An-

107 1259 263 1338 gelus
295 1258 471 1332 lucis3
522 1260 599 1316 40'
634 1260 766 1341 quia
805 1260 1128 1341 periculum
1168 1261 1555 1341 perversionis
1604 1284 1672 1321 eo
1709 1268 1893 1341 majus
1929 1276 2050 1340 est,
2096 1288 2211 1347 quo

106 1352 343 1412 liberius
372 1365 546 1436 caput
583 1376 754 1413 suum
784 1354 1015 1413 haeresis
1052 1356 1256 1433 erigit,>
1285 1366 1459 1436 atque
1484 1377 1515 1414 a
1542 1368 1832 1437 potestate
1862 1359 2015 1418 civili
2043 1359 2210 1422 fove-

105 1459 202 1509 tur
225 1449 336 1528 (2);
366 1449 431 1507 50
454 1449 585 1530 quia
610 1449 815 1526 majori
838 1448 1077 1508 horrore
1104 1449 1351 1507 afficitur
1379 1449 1740 1509 Christianus
1777 1473 1843 1510 ac
1869 1453 2205 1533 percellitur

104 1543 447 1603 infidelitate
482 1542 743 1601 absoluta
765 1588 780 1616 .,
818 1565 994 1623 quam
1021 1542 1645 1624 partiali,'cujusmodi
1669 1544 1902 1603 haeresis
1930 1559 2040 1605 est.
2094 1589 2098 1593 -
2136 1557 2137 1561 ’

182 1637 323 1697 280.
375 1636 461 1696 Ad
485 1637 567 1693 5¹1¹
589 1681 605 1709 a
645 1638 800 1695 Dist.
844 1637 987 1709 Quia
1009 1657 1081 1694 ex
1108 1636 1561 1696 Ecclesiae'sensu
1580 1682 1596 1711 ,
1628 1642 1796 1714 juxta
1825 1639 2038 1698 Christi
2074 1661 2213 1700 sen—

107 1732 389 1804 tentiam,
433 1731 532 1812 qui
573 1730 881 1790 Ecclesiam
922 1752 1043 1788 non
1096 1730 1703 1811 audiunt‚·tanquam
1746 1732 1960 1791 ethnici
1995 1735 2046 1792 ei
2077 1747 2216 1793 sunt

110 1835 168 1885 et
210 1825 502 1907 publicani
529 1870 544 1899 ‚
576 1847 732 1883 conc.
758 1846 780 1895 ‚·
816 1826 977 1905 quasi
1008 1824 1318 1904 aliquando
1354 1836 1420 1882 ut
1454 1825 1651 1883 illicita
1689 1848 1810 1884 non
1847 1827 2215 1889 damnaverit

110 1922 290 1978 mixta
314 1921 573 1999 conjugia
601 1919 1028 1978 Catholicorum
1063 1940 1196 1979 cum
1233 1919 1548 1991 liaereticiS‚
1596 1941 1724 1999 neq.
1770 1922 1933 2000 Saepe
1963 1920 2213 1981 Ecclesia

110 2026 342 2073 tantum
393 2014 634 2072 damnat
671 2015 733 2072 in
773 2014 887 2071 suis
920 2012 1236 2072 canonibus
1269 2015 1706 2091 conjunctiones
1743 2014 2214 2087 *Christianorum

114 2130 247 2168 cum
283 2107 648 2181 infidelibusx,
701 2118 788 2167 ast
837 2128 989 2191 saepe
1027 2109 1203 2166 etiam
1247 2109 1574 2189 promiscue
1620 2107 1862 2167 damnat
1907 2121 1966 2168 et
2011 2109 2219 2171 eadem

111 2204 335 2263 ratione
371 2201 659 2262 connubia
712 2201 1139 2269 Catholicorum
1184 2212 1306 2259 tam
1352 2222 1483 2260 cum
1534 2200 1818 2261 haereticis
1863 2223 2040 2282 quam
2079 2225 2216 2263 cum

109 2297 433 2357 infidelibus
450 2296 537 2376 (3)
559 2323 575 2371 ε,
601 2296 896 2356 interdum
922 2297 1094 2355 etiam
1114 2341 1131 2372 ‚
1163 2308 1336 2377 prout
1369 2297 1585 2355 occasio
1629 2296 1764 2371 fert,
1794 2296 1942 2355 solas
1972 2298 2216 2358 damnat

116 2393 348 2473 nuptias
389 2391 815 2449 Catholicorum
851 2412 983 2449 cum
1021 2390 1348 2448 acatholicis
1391 2395 1518 2446 tum
1557 2390 1835 2448 haereticis
1873 2401 2002 2449 tum
2030 2392 2215 2450 schis-

115 2486 335 2545 maticis
359 2485 466 2565 (4).
502 2487 579 2543 Ex
612 2485 719 2543 hac
743 2479 915 2565 porro
945 2483 1153 2562 agendi
1187 2483 1410 2541 ratione
1446 2483 1822 2563 intelligimus
1847 2530 1863 2559 7
1906 2485 2214 2546 Ecclesiam

185 2745 248 2810 (l)
269 2744 502 2803 Vidimus,
522 2742 672 2791 Patres
688 2752 729 2791 et
743 2741 948 2791 Concilia
965 2758 1122 2806 urgere
1146 2738 1170 2799 g
1206 2751 1290 2789 est.
1315 2740 1418 2790 Jam
1436 2742 1588 2806 plures
1607 2743 1683 2789 alii
1702 2742 1909 2791 catholici
1931 2742 2211 2807 Sacerdotes,

115 2839 262 2879 textus
282 2827 441 2876 allatos
473 2845 526 2875 ex
540 2825 645 2874 Vet.
666 2825 790 2874 Test.
828 2835 983 2873 contra
1010 2842 1120 2873 con·
1204 2825 1283 2888 qui
1300 2832 1483 2871 strenue
1497 2823 1711 2871 Ecclesiae
1732 2824 1965 2872 catholicae
1979 2820 2083 2891 jura
2103 2842 2210 2890 pro-

108 2913 236 2979 jugia
244 2909 588 2958 Catholicorum
603 2926 709 2956 cum
723 2907 1002 2956 acatholicis.
1023 2907 1118 2956 Csr.
1200 2915 1483 2969 pugnarunt,
1497 2906 1704 2953 eamdem
1717 2916 1881 2953 sortem
1897 2909 2068 2971 experti
2085 2917 2213 2956 sunt.

117 3002 329 3059 praeterea
342 2991 548 3051 Pontius,
579 2991 666 3038 loc.
699 2992 779 3038 cit.
1268 2987 1334 3049 (3)
1371 2985 1649 3034 Recolantur
1693 2986 2008 3036 Conciliorum
2040 2997 2086 3036 et
2126 2986 2214 3035 Ss.

184 3073 248 3137 (2)
285 3071 383 3121 Ctr.
421 3071 641 3119 Binterim
682 3073 732 3118 in
771 3070 878 3118 diss.
931 3071 1006 3117 cit.
1050 3067 1124 3116 De
1203 3068 1480 3125 Pontificum
1514 3067 1692 3117 decreta
1711 3069 1848 3133 paulo
1872 3078 1979 3116 ante
2006 3085 2211 3118 comme·

118 3153 453 3202 Matrimoniis
494 3152 692 3210 mixtis,
722 3166 824 3214 cap.
856 3166 907 3210 1,
945 3167 1046 3215 pag.
1063 3148 1123 3197 ’6.
1205 3150 1398 3197 morata.

119 3236 342 3284 Strenuus
368 3233 446 3282 hic
483 3233 717 3282 catholicae
760 3232 973 3280 Ecclesiae
1013 3248 1122 3297 pro·
1216 3245 1218 3248 ’
1274 3230 1337 3292 (h)
1373 3228 1591 3294 Superius
1619 3229 1858 3277 retulimus
1889 3228 2028 3277 verba
2057 3229 2204 3280 Cone.

119 3325 342 3382 pugnator
362 3352 376 3375 ‚
401 3317 495 3364 sive
514 3314 574 3363 ob
593 3315 711 3363 hanc
735 3314 1120 3373 dissertationem,
1203 3312 1507 3361 Posoniensis‚
1538 3310 1620 3359 His
1639 3310 1853 3358 addimus
1883 3309 2018 3358 verba
2035 3309 2086 3359 S.
2111 3309 2212 3361 Au-

121 3401 213 3447 sive
240 3397 461 3462 praecipue
491 3394 551 3443 ob
586 3395 709 3444 aliud
742 3398 839 3460 ejus
857 3396 1075 3459 scriptum
1097 3428 1115 3455 ,
1200 3396 1367 3460 gustini
1390 3411 1444 3442 ex
1475 3395 1573 3459 ejus
1598 3408 1671 3456 ep.
1692 3406 1803 3441 xxm
1821 3427 1835 3450 ‚
1863 3407 1993 3438 num.
2031 3389 2081 3452 5,
2104 3394 2204 3458 qui-

122 3477 203 3527 Dc
231 3475 407 3541 foedere
453 3474 678 3546 catholico
714 3476 841 3523 inter
867 3475 1041 3539 fratres
1078 3482 1123 3521 et
1200 3477 1288 3525 bus
1331 3474 1560 3541 improbat
1603 3473 1814 3538 conjugia
1869 3470 2210 3521 Catholicorum

118 3575 294 3608 sorores
326 3557 381 3605 de
413 3573 509 3606 non
548 3555 771 3607 ineundis
804 3557 991 3622 nuptiis
1021 3556 1124 3603 nisi
1204 3573 1310 3606 cum
1351 3554 1598 3604 Donatistis
1646 3551 1943 3600 schismaticis
1974 3569 1990 3601 ε
2027 3551 2204 3601 Nonne

46 3691 47 3694 ,
114 3657 235 3705 pure
268 3637 544 3699 catholicis,
588 3640 638 3688 in
677 3638 858 3688 vincula
892 3628 1124 3705 c'onjectus
1205 3637 1559 3702 inqemiscimus
1581 3668 1600 3695 ,
1651 3630 1813 3682 scribit
1829 3668 1847 3694 ,
1889 3632 2016 3696 quod
2051 3633 2128 3680 vir
2165 3636 2211 3680 et

358 3720 421 3778 T.
473 3719 594 3794 vn,
1803 3710 1883 3769 24
