2612 4146
302 185 377 249 12
925 213 1246 253 rascrs'rus
1287 213 1357 250 nn
1401 185 1818 256 muntem-crus.

378 355 479 414 25.
525 354 659 434 Obj.
694 356 985 428 secunda,
1024 355 1301 417 adversus
1346 355 1598 419 valteram
1630 382 1864 444 propos,
1912 358 2164 444 partem.
2226 365 2287 423 1ο
2329 366 2432 425 In-

298 449 738 531 dulgentiarum
768 450 1074 511 existentia
1110 449 1403 509 conciliari
1439 454 1806 534 nequitcum
1854 456 1974 517 ullo
2016 480 2172 519 sanae
2214 459 2428 522 ethices

297 568 435 622 seu,
486 557 552 605 ut
587 547 783 620 aiunt„
821 542 1168 605 moralitatis
1198 547 1509 629 principio,
1545 549 1613 606 2⁰
1655 552 1934 624 Quamvis
1963 555 2123 613 enim
2165 566 2231 613 ut
2261 556 2432 614 min-i-

297 663 464 702 mum
499 642 752 702 abusivae
775 650 1045 721 spectatae
1068 640 1290 700 fuerint
1313 642 1697 724 Indulgentiae
1717 692 1733 722 ‚
1751 669 1880 729 quae
1898 648 2300 710 conceduntur
2324 672 2431 732 per

298 737 534 817 alicujus
557 737 803 814 injuncti
842 736 924 818 pii
954 737 1579 818 operis-executionem
1595 785 1618 813 ,
1646 741 1773 823 quis
1808 743 2167 804 inanimum
2193 744 2433 805 inducat

297 855 464 892 suum
481 877 499 908 ,
543 829 702 912 quod
724 830 930 913 aliquis
953 830 1260 892 levissimis
1280 834 1502 894 actibus
1526 837 1908 897 exterioribus
1934 884 1950 914 ‚
1968 880 1970 883 v
1987 861 2079 900 ex.
2110 863 2194 920 gr.
2234 841 2430 900 osculo

297 929 579 1010 impresso
624 928 813 1006 crucis,
865 950 995 1010 quae
1024 928 1566 1012 inamphith'eatro
1604 933 1801 994 Flavio
1842 930 2048 995 erecta
2078 947 2201 1012 est,
2250 938 2432 1018 possit

296 1022 510 1082 lucrari
541 1023 797 1103 ‘singulis
824 1021 1068 1083 vicibus
1127 1025 1262 1084 dies.
1290 1025 1569 1100 ducentos
1600 1029 2046 1111 indulgentiae?
2084 1043 2197 1090 aut
2220 1031 2432 1091 lucrari

297 1121 589 1202 quispiam
614 1121 797 1202 possit
821 1132 984 1179 tanta
1002 1120 1721 1203 facilitateflndulgentias
1754 1122 2069 1207 plenarias,
2100 1126 2311 1209 quibus
2335 1130 2434 1187 Ec-

296 1215 480 1276 clesiae
515 1218 579 1275 in
621 1217 787 1276 ltalia
830 1216 1584 1300 passim-redundant?ff30
1625 1222 1930 1294 Quomodo
1978 1223 2099 1284 haec
2138 1223 2430 1283 conciliari

298 1317 534 1395 queunt
556 1335 693 1372 cum
716 1313 822 1373 Dei
852 1315 1080 1391 justitia
1107 1313 1203 1375 vel
1227 1336 1362 1373 cum
1399 1315 1578 1397 ipsius
1602 1316 2038 1393 misericordia,
2068 1318 2250 1378 relate
2275 1340 2435 1401 prae-

297 1410 500 1469 sertim
536 1409 613 1469 ad
643 1431 773 1484 εοε,
809 1409 1021 1492 quibus
1044 1411 1189 1470 adeo
1203 1410 1417 1470 acerba
1434 1411 1663 1494 punitio
1679 1410 1990 1475 reservata·
2008 1425 2098 1474 est
2115 1450 2135 1493 ‚-
2175 1436 2245 1474 eo
2272 1414 2430 1496 quod

297 1505 526 1566 ratione
566 1517 669 1565 aut
707 1505 817 1565 loci
867 1517 970 1565 aut
1023 1507 1304 1589 temporis
1357 1506 1720 1589 aliorumque
1770 1503 2200 1588 adjunctorum'
2225 1508 2432 1569 mediis

270 1601 441 1662 ‘adeo
468 1601 732 1661 facilibus
769 1602 847 1662 ad
881 1624 976 1662 eas
1016 1602 1322 1663 lucrandas
1353 1602 1615 1677 destituti
1649 1605 1868 1700 sperint
1891 1600 2225 1687 (1)?>·Ersg‹').
2271 1646 2275 1650 -

378 1699 480 1757 26.
531 1700 705 1781 Resp.‘
742 1697 840 1759 vAd
874 1700 993 1774 ΙΨ,
1041 1700 1221 1780 Neffi
1248 1699 1550 1781 Siquidem
1585 1701 1866 1782 *apprime
1918 1700 2255 1775 conciliatur
2299 1722 2433 1760 cum

300 1795 574 1856 omnibus
606 1817 759 1856 sanae
780 1796 999 1857 ethices
1028 1798 1329 1880 principiis
1360 1797 1865 1878 indulgentiarum
1895 1799 2198 1858 existentia
2219 1843 2236 1875 ‚
2269 1798 2437 1857 dum-

294 1891 631 1967 modossve‘ra
662 1915 727 1953 ac
752 1915 1033 1974 germana
1063 1892 1334 1953 teneatur
1353 1892 1933 1973 IndulgentiaenotiO,
1959 1916 2133 1976 quam
2167 1893 2240 1953 ab
2268 1895 2434 1953 initio

294 1986 586 2065 dedimus7
617 1990 765 2049 -Haec
806 1990 967 2050 enim
1010 1989 1074 2048 in
1134 1990 1363 2072 primis¹
1407 1992 1689 2072 supponit
1714 1989 2150 2070 'obligationem
2206 1990 2436 2050 satisfa-

300 2085 509 2151 ctionis
530 2085 965 2145 sacramentalis
996 2086 1059 2144 in
1089 2108 1187 2162 e0‚
1218 2087 1331 2167 qui
1351 2107 1481 2145 eam
1507 2085 1720 2145 lucrari
1748 2085 2039 2160 intendit,
2056 2096 2434 2167 ⁴peccatorum

298 2181 715 2240 contritionem
734 2227 749 2256 ,
778 2182 1143 2263 poenitentiae
1163 2181 1548 2262 omniumque
1577 2182 1866 2241 virtutum
1881 2179 2140 2239 studium
2161 2226 2178 2255 ‚
2207 2191 2265 2240 et
2293 2192 2424 2239 sta-

293 2288 422 2335 tum
451 2277 646 2357 gratiae
678 2298 780 2336 seu
816 2278 1162 2335 sanctitatis,
1207 2277 1332 2336 Nisi
1372 2273 1617 2358 proinde
1655 2298 1790 2344 vera
1817 2277 2200 2359 praecesserit
2230 2275 2419 2335 cordis

293 2373 627 2447 conversi0‚
663 2393 789 2454 quae
826 2371 1079 2450 involvit
1117 2371 1467 2431 desiderium
1491 2417 1507 2447 ,
1551 2371 1760 2445 saltem
1790 2393 1862 2431 ex
1903 2371 2268 2453 poenitentiae
2301 2372 2423 2433 vir-

292 2477 450 2542 tute,
493 2467 884 2528 satisfaciendi
914 2479 1205 2551 quantum
1242 2468 1305 2526 in
1339 2489 1399 2527 se
1436 2478 1521 2527 est
1565 2466 1782 2529 divinae
1807 2467 2048 2545 justitiae
2089 2466 2163 2526 ob
2207 2466 2422 2526 scelera

291 2562 542 2623 admissa
580 2611 596 2639 .‚
657 2565 870 2623 frustra
921 2564 1050 2646 quis
1098 2562 1530 2644 indulgentiam
1578 2585 1638 2622 se
1691 2561 1973 2646 adeptum
2037 2583 2161 2621 esse
2225 2562 2422 2621 exi-sti·

292 2670 483 2718 maret
515 2659 623 2741 (2).

293 2837 408 2888 tiam
423 2836 637 2904 Episcopi
651 2837 942 2888 relaxabant.
964 2837 1074 2887 Haec
1096 2839 1308 2887 animad-
1464 2838 1526 2902 (l)
1565 2837 1634 2886 Ita
1656 2836 1891 2886 Sismondi
1914 2873 1926 2895 ,
1962 2834 2181 2884 Histoire
2207 2833 2288 2882 des
2330 2835 2422 2882 Re-

295 2922 444 2971 versio
470 2921 751 2987 peculiarem
783 2923 880 2970 vim
914 2920 1055 2970 habet
1091 2921 1308 2969 adversus

290 3004 571 3054 Jansenistas
589 3041 603 3064 ‚
631 3006 711 3070 qui
729 3004 1036 3063 contendunt,
1054 3003 1166 3051 olim
1189 3019 1305 3051 sem·

285 3104 377 3154 per
417 3086 774 3135 satisfactionem
815 3088 974 3152 praeire
1017 3087 1309 3134 consuevisse

292 3170 594 3220 absolutioni.
637 3169 706 3219 Ex
741 3187 835 3235 quo
886 3171 1025 3218 etiam
1071 3166 1307 3233 colligitur

292 3255 472 3302 ratione
511 3271 697 3319 prorsus
725 3250 1033 3312 ineluctabili,
1058 3249 1309 3315 Indulgen-

296 3337 410 3384 tiam
437 3352 534 3383 esse
555 3336 871 3384 remissionem
904 3348 1052 3398 poenae
1078 3342 1308 3396 tempora-

294 3416 351 3465 lis
394 3433 550 3465 coram
595 3415 693 3466 Deo
735 3416 897 3465 validae
930 3453 943 3476 ‚
984 3416 1054 3463 uti
1097 3415 1307 3480 sequenti

295 3499 608 3564 propositione
639 3499 930 3548 ostendemus
958 3535 971 3559 ‚
994 3499 1058 3545 ita
1080 3505 1239 3544 tamen
1258 3505 1309 3543 ut

290 3579 389 3628 haec
418 3580 634 3628 relaxatio
663 3596 818 3628 coram
844 3579 943 3629 Deo
970 3578 1188 3628 effectum
1211 3595 1308 3626 non

292 3661 525 3711 obtineret
563 3663 654 3710 nisi
697 3671 800 3726 post
848 3664 1086 3710 remissam
1120 3659 1309 3727 culpam

293 3760 375 3807 per
402 3743 782 3793 sacramentalem
813 3742 1171 3792 absolutionem.

1386 2918 1523 2986 publ.
1571 2917 1690 2968 Ital.
1744 2929 1861 2966 tom.
1917 2935 2033 2978 xvi,
2091 2916 2228 2981 chap.
2291 2930 2380 2982 127
2408 2953 2421 2975 ‚

1393 2997 1635 3067 pas-417,

1461 3082 1530 3149 (Ξ)
1566 3082 1752 3148 Optime
1793 3081 2062 3141 Massillon,
2101 3079 2426 3128 Mandement

1384 3182 1515 3232 pour
1561 3164 1608 3212 la
1648 3163 1954 3230 publication
2000 3161 2068 3210 du
2109 3160 2307 3222 Jubile,
2367 3160 2424 3211 15

1393 3247 1520 3297 Nov.
1552 3244 1681 3314 1724
1713 3264 1727 3293 :
1758 3246 1834 3295 Ne
1868 3262 1989 3294 nous
2011 3245 2213 3310 flations
2247 3244 2390 3309 point
2412 3282 2426 3304 ‚

1393 3333 1578 3397 inquit,
1613 3346 1701 3394 que
1717 3346 1802 3376 nos
1829 3328 1989 3393 fauces
2017 3328 2171 3374 soient
2195 3328 2382 3392 expiees
2407 3364 2423 3389 ,

1395 3414 1440 3460 si
1471 3410 1580 3460 elles
1623 3412 1758 3459 n'ont
1793 3427 1889 3477 pas
1935 3414 2006 3457 ἑίἑ
2053 3409 2275 3456 ἅέίεείἑεε
2305 3426 2318 3471 ;
2343 3425 2425 3474 Δπθ

1396 3511 1593 3560 croyons
1619 3510 1716 3559 pas
1770 3511 1859 3558 que
1903 3491 1968 3539 les
2009 3493 2186 3557 9νάοω
2220 3491 2276 3539 de
2310 3488 2425 3538 l’E-

1396 3576 1517 3643 qli-se
1547 3592 1669 3624 nous
1695 3576 1830 3623 aient
1850 3575 2062 3641 purifies
2078 3595 2095 3631 ;
2147 3576 2195 3621 si
2221 3572 2328 3620 elles
2366 3587 2426 3618 ne

1391 3675 1513 3707 nous
1551 3666 1634 3706 ont
1665 3674 1765 3724 pas
1791 3657 2029 3722 ohanqes‚·
2073 3674 2135 3705 ne
2171 3652 2425 3721 comptem

1393 3758 1480 3789 sur
1511 3757 1597 3789 son
1628 3739 1911 3804 indulqence
1928 3740 2177 3805 qu’autant
2193 3753 2282 3802 que
2302 3752 2423 3783 nous
