2612 4146
358 156 439 215 68

885 177 1208 216 TRAGTATUS
1252 176 1321 213 DE
1365 176 1630 216 EannuA
1676 175 1978 218 UNGTI'ONE.

447 322 547 382 37.
600 324 698 381 111.
746 320 915 394 Quod
953 319 1179 378 {attinet
1215 312 1295 376 ad
1342 331 1538 401 partes
1576 325 1841 404 corporis
1888 323 2251 404 ungenda57·
2276 347 2378 386 seu
2419 326 2495 387 ad

362 418 671 479 materiam
718 415 1052 498 proximam
1076 460 1093 488 ,
1138 413 1285 473 illud
1326 414 1518 474 solum
1544 416 1684 478 vdici
1717 432 1913 502 potest
1939 467 1955 495 ,
2010 428 2493 506 unumquemque

361 514 577 575 debere
614 513 798 571 ritum
835 510 1034 591 sequi,
1081 511 1182 591 qui
1209 510 1443 591 vigetin
1485 510 1768 589 Ecclesia,
1796 516 1860 574 in
1894 538 2010 598 qua
2047 504 2494 578 Sacramentum

361 609 518 668 istud
556 606 1020 666 administratur.
1073 607 1220 665 Mira
1266 607 1557 689 siquidem
1596 613 2052 693 semper-viguit
2083 613 2190 673 hac
2222 614 2286 671 in
2317 626 2494 696 parte

361 706 635 766 varietas,
673 701 899 761 Alicubi
935 703 1097 761 enim
1128 704 1363 785 plume,
1403 704 1617 764 alicubi
1659 705 1962 787 pauciores
2003 720 2200 790 partes
2241 710 2494 790 inunge>⁶

361 803 579 861 bantur
632 810 693 858 et
730 796 925 858 adhuc
969 799 1340 880 inunguntur
1379 801 1493 882 (l).
1536 800 1868 883 Aliquando
1917 804 2151 863 nonnisi
2201 827 2317 864 una
2361 826 2497 888 pars

358 899 601 955 inuncta
625 894 737 954 fuit
756 940 773 969 ‚
794 906 861 953 ut
885 906 1049 976 patet
1070 917 1143 955 ex
1166 897 1290 956 vita
1315 898 1375 955 S.
1407 898 1665 977 Eugendi
1681 942 1697 971 ,
1719 902 1881 977 cujus
1912 899 2280 960 tantumssfuit
2316 902 2499 960 inun-

359 1004 520 1050 ctum
537 1003 743 1072 pectus
760 991 872 1070 (2).
906 991 1030 1049 Imo
1056 991 1151 1052 vel
1171 992 1234 1051 in
1254 993 1379 1075 ipsa
1403 994 1651 1053 Ecclesia
1679 996 1938 1054 Romana
1957 1042 1974 1071 ,
2009 995 2057 1055 si
2086 996 2267 1056 instet
2292 998 2497 1057 mortis

360 1086 691 1169 periculum
714 1133 730 1161 a
762 1085 872 1146 sub
907 1086 1165 1167 generali
1193 1088 1446 1148 formula
1471 1090 1633 1149 frons
1660 1091 1852 1149 solum
1885 1092 2207 1171 inungitur.

443 1183 541 1243 38.
589 1184 685 1242 IV.
729 1182 948 1244 Eadem
993 1184 1177 1244 ferme
1219 1186 1468 1245 varietas
1503 1187 1686 1266 viguit
1725 1187 1872 1246 circa
1910 1188 2204 1263 formam,
2255 1209 2385 1270 quae
2423 1187 2501 1248 ad

357 1280 599 1360 longum
631 1291 866 1362 tempus
904 1280 966 1338 in
1009 1279 1258 1340 Ecclesia
1291 1281 1472 1341 latina
1502 1283 1816 1346 indicativa
1847 1285 1992 1358 fuit3
2017 1286 2116 1345 'sic
2153 1286 2314 1344 enim
2358 1287 2502 1344 Am-

358 1376 633 1435 brosiana
665 1398 725 1435 se
760 1375 1020 1435 habebat
1046 1389 1220 1437 aetate
1249 1379 1305 1437 S.
1339 1380 1769 1440 Bonaventurae
1803 1403 1817 1439 ε
1857 1382 2023 1462 Unyo
2052 1393 2104 1440 te
2130 1384 2247 1441 oleo
2269 1387 2500 1442 sancti-

349 1475 526 1551 ficato
571 1478 641 1532 in
682 1477 922 1532 nomine
959 1475 1173 1532 Patris
1217 1486 1297 1554 etp.
1321 1476 1494 1535 Filii.
1528 1487 1584 1534 et
1631 1478 1904 1556 Spiritus
1937 1478 2177 1547 Sancti,
2221 1490 2290 1535 ut
2333 1490 2496 1536 more

358 1573 576 1629 militis
621 1574 797 1629 uncti
819 1582 1216 1650 praeparatus
1246 1572 1333 1630 ad
1360 1583 1693 1642 certamen,
1739 1579 1946 1632 aereae
1975 1577 2170 1652 poesis
2206 1593 2499 1653 superare

349 1677 662 1747 potestates
694 1665 804 1744 (3).
845 1667 911 1724 ln
947 1668 1444 1727 Sacramentario
1469 1670 1825 1748 Gregoriano
1853 1669 1975 1729 haec
2006 1668 2278 1729 similiter
2316 1669 2504 1727 forma

370 1766 620 1823 occurrit
660 1786 673 1822 t
728 1765 898 1844 Unyo
930 1776 981 1823 te
1019 1767 1089 1824 de
1118 1768 1233 1824 oleo
1268 1776 1509 1838 sancta,
1548 1778 1659 1826 etc.
1703 1766 1815 1847 (4).
1854 1767 2002 1825 Huic
2023 1766 2231 1849 plures
2270 1766 2499 1848 paucio-

360 1883 528 1921 resve
564 1859 992 1939 adjiciebantur
1030 1883 1231 1943 preces
1251 1908 1268 1937 ,
1307 1862 1479 1922 lectio
1508 1862 1905 1944 Epistolarum
1940 1865 1996 1923 S.
2026 1861 2191 1921 Pauli
2225 1873 2285 1922 et
2313 1865 2373 1922 S.
2400 1865 2505 1922 Ja-

362 1955 493 2015 cobi
515 2003 531 2032 ,
574 1956 786 2016 Psalmi
823 1959 923 2038 qui
960 1980 992 2016 a
1020 1958 1374 2039 poenitentia
1415 1970 1700 2018 vocantur
1722 2005 1738 2033 ‚
1778 1971 1894 2025 etc.
1929 1959 2040 2040 (5).
2083 1962 2167 2017 Ex
2199 1958 2505 2041 hisssporro

372 2053 572 2111 formis
594 2100 608 2128 .,
642 2075 785 2134 quas
812 2074 918 2133 per
942 2052 1110 2135 plura
1153 2053 1345 2114 secula
1362 2054 1425 2112 in
1440 2053 1695 2114 Ecclesia
1738 2056 1986 2135 viguisse
2015 2055 2288 2115 novimus
2310 2101 2326 2130 ,
2364 2075 2507 2136 pro-

364 2172 509 2208 num
534 2162 623 2209 est
638 2150 879 2226 inferre,
894 2151 1144 2210 formam
1159 2149 1600 2232 deprecativam
1616 2151 1691 2210 ad
1705 2152 2022 2211 essentiam
2039 2173 2160 2209 non
2175 2151 2499 2233 pertinere,

436 2439 509 2504 (l)
542 2441 637 2489 cfr.
682 2441 942 2491 Martenius
981 2441 1075 2490 loc.
1121 2443 1202 2490 cit.
1250 2439 1277 2507 §
1315 2440 1349 2490 8
1380 2479 1394 2502 ,
1474 2458 1629 2506 qnam
1660 2444 1821 2491 crucis
1851 2443 1908 2489 in
1949 2443 2108 2508 capite
2138 2441 2197 2490 de
2235 2440 2331 2490 oleo
2366 2441 2507 2491 bene-

366 2521 609 2591 Launojus
639 2542 721 2589 op.
748 2523 1130 2591 cit.-Explicata
1156 2522 1396 2573 Ecclesiae
1478 2524 1624 2572 dicto.

364 2607 565 2656 traditio
607 2609 740 2656 circa
774 2617 942 2674 partes
998 2609 1214 2674 corporis
1242 2646 1255 2668 ‚
1304 2618 1393 2658 etc.

370 2707 472 2754 cap.
510 2708 553 2738 ι.

428 2772 506 2836 (2)
546 2771 600 2820 In
644 2774 744 2839 ejus
778 2775 868 2821 vita
890 2772 1015 2838 apud
1042 2771 1400 2821 Mabillon.loc.

372 2857 452 2903 cit.
492 2855 660 2921 legitur
686 2873 699 2903 ε
726 2854 854 2903 Cam
883 2853 1013 2902 ultra
1031 2855 1403 2919 sexaqenariam

375 2946 563 2986 «etatem
595 2937 698 3002 sere
740 2953 823 2985 sex
868 2936 1117 2985 mensibus
1138 2935 1405 3002 praedictue

384 3021 531 3068 Pater
548 3019 881 3086 inoequalitate
900 3035 1126 3086 corporea
1141 3017 1403 3075 laboraret,

378 3112 540 3152 vocato
586 3120 684 3152 uno
718 3103 784 3152 ad
828 3120 877 3150 ee
918 3102 978 3150 de
1014 3101 1255 3167 fratribus
1275 3139 1288 3162 ‚
1322 3102 1408 3149 cui

378 3203 489 3234 cum
506 3185 723 3235 libertate
731 3184 981 3253 peculiari
1004 3183 1118 3233 olim
1134 3186 1279 3233 etiam
1290 3200 1406 3250 per-

378 3269 596 3332 anqendi
634 3269 854 3335 infirmos
903 3285 1023 3334 opus
1068 3269 1355 3334 injunxerat
1391 3302 1406 3330 ‚

380 3353 696 3400 secretissime
721 3368 905 3417 quoque
948 3350 1047 3399 sibi
1076 3347 1410 3416 pectusculum

374 3434 547 3499 petiit,
570 3442 624 3481 ut
649 3437 799 3483 'noris
829 3442 898 3483 est
918 3473 933 3498 ,
957 3431 1261 3499 perunqi.1n
1290 3431 1411 3479 libro

384 3531 493 3563 vero
504 3513 930 3567 Sacramentorum
944 3515 995 3566 S.
1011 3514 1215 3581 Gregorii
1228 3513 1294 3564 M.
1311 3523 1413 3579 post

387 3599 598 3646 recitatas
637 3609 725 3647 tres
768 3601 826 3648 ad
861 3599 1134 3665 ungendum
1166 3596 1411 3645 infirmum

385 3683 614 3730 orationes
635 3681 836 3731 dicitur:
862 3678 1036 3731 Postea
1057 3681 1215 3747 faciat
1248 3682 1296 3728 ei
1331 3681 1403 3728 si-

1550 2606 1618 2671 (3)
1656 2606 1757 2655 Cfr.
1776 2605 1826 2653 S.
1842 2605 2099 2655 Bonavent.
2121 2609 2171 2654 in
2189 2624 2255 2668 iv,
2276 2606 2386 2657 dist.
2408 2605 2475 2658 25
2492 2643 2508 2667 ,

1482 2708 1535 2756 q.
1565 2688 1618 2753 4.
1659 2688 1758 2738 Cfr.
1798 2691 1936 2738 etiam
1989 2689 2248 2739 Matienius
2292 2689 2383 2737 loc.
2421 2691 2510 2737 cit.

1483 2771 1566 2820 ubi
1584 2771 1739 2837 plures
1755 2788 1927 2837 eosque
1945 2773 2290 2836 antiquissimos
2308 2768 2507 2819 Ordines

1483 2854 1675 2920 profert,
1693 2855 1776 2919 qui
1795 2870 1894 2901 non
1913 2852 2050 2901 aliam
2066 2852 2266 2901 formam
2283 2852 2511 2901 exhibent

1485 2953 1627 3003 quam
1671 2935 1971 2983 indicativam
2001 2951 2016 2981 ε
2058 2933 2202 2999 Unqo
2233 2943 2277 2982 te
2322 2933 2380 2981 de
2413 2932 2510 2981 cleo

1486 3018 1783 3082 sanctificato
1801 3054 1814 3077 ‚
1856 3027 1935 3065 aut
1972 3015 2115 3083 Unqo
2149 3015 2308 3066 oculos
2325 3052 2343 3079 ‚
2380 3031 2510 3081 unqe

1482 3100 1627 3168 pedes
1644 3138 1658 3158 ,
1695 3110 1783 3149 etc.

1557 3182 1624 3248 (10)
1666 3181 1791 3249 Opp.
1817 3181 1866 3231 S.
1895 3181 2033 3248 Greg.
2054 3180 2126 3230 M.
2162 3182 2275 3232 edit.
2307 3181 2511 3230 Maurin.

1489 3275 1602 3316 tom.
1657 3282 1711 3313 111
1740 3301 1754 3326 ,
1789 3282 1893 3330 pag.
1941 3262 2041 3313 236
2065 3300 2079 3323 ‚
2122 3262 2206 3312 ubi
2250 3266 2390 3313 etiam
2423 3264 2514 3312 cfr.

1489 3359 1591 3399 not.
1626 3364 1725 3415 912
1755 3347 1963 3413 Hugonis
1988 3345 2195 3395 Menardi
2211 3383 2228 3408 ,
2253 3348 2334 3412 qui
2362 3345 2514 3411 plures

1491 3433 1632 3498 etiam
1666 3431 1780 3479 alias
1807 3430 1979 3478 formas
2004 3428 2180 3494 colligit
2211 3428 2360 3478 verbis
2390 3425 2511 3474 indi-

1491 3516 1654 3563 cativis
1675 3529 1909 3578 expressas
1928 3548 1942 3572 ,
1968 3529 2135 3578 easque
2151 3510 2385 3561 mordicus
2413 3510 2515 3556 vin·
2598 3541 2601 3545 Δ

1492 3597 1631 3645 dicat.

1564 3679 1627 3743 (5)
1659 3677 1756 3727 cfr.
1778 3681 1878 3727 citt.
1905 3688 2129 3728 auctores.
2160 3722 2163 3725 ,
