2612 4146
694 243 761 279 ΒΕ
803 241 1298 281 anLGEn‘rlARUM
1341 239 1652 281 THESAURO.

2149 219 2227 281 35

137 396 359 443 ctorum
391 379 700 462 superaddi
730 381 791 438 in
815 380 1056 460 gloriam
1079 382 1258 463 ipsius
1283 381 1528 454 Christi,
1565 402 1636 440 ex
1657 402 1773 462 quo
1790 426 1807 454 ,
1833 391 1900 439 ut
1935 379 2186 440 diximus
2213 426 2230 457 ‚

134 477 393 539 valorem
429 497 599 534 suum
631 474 941 549 hauriunt,
987 487 1047 535 et
1080 497 1156 536 ne
1191 488 1471 558 praeterea
1499 476 1677 535 otiosa
1717 487 2119 557 permaneant.
2150 478 2235 537 Ex

133 573 225 631 his
249 571 498 652 denique
520 579 701 651 patet,
722 571 957 630 Sanctos
978 594 1098 629 non
1112 583 1420 652 propterea
1439 570 1684 633 evadere
1699 570 1943 631 totidem
1959 572 2235 654 redemp-

136 678 295 730 tores
316 711 332 739 ,
369 677 492 724 tum
527 664 661 745 quia
693 667 922 746 proprie
961 665 1299 746 redemptor
1330 663 1429 723 ille
1463 665 1617 724 solus
1654 677 1770 740 est,
1807 667 1907 747 qui
1936 668 2236 748 captivum

138 761 324 819 soluto
355 759 542 840 pretio
565 759 626 817 in
657 758 988 819 libertatem
1022 759 1254 833 asserit,
1287 758 1444 839 quod
1482 780 1602 817 non
1634 761 1902 840 praestitit
1940 782 2048 820 nec
2087 780 2239 840 prae-

141 868 294 914 stare
314 854 505 936 potuit
537 854 649 912 nisi
676 876 828 912 unus
845 854 1135 926 Christus3
1158 862 1287 910 tum
1309 852 1444 933 quia
1465 848 1879 915 satisfactiones
1895 856 2242 916 Sanctorum

138 949 380 1033 perinde
406 971 472 1008 ac
504 960 717 1014 nostrae
746 970 867 1006 non
904 946 1124 1015 habent
1157 947 1270 1004 nisi
1297 946 1584 1005 rat-ionem
1622 947 1835 1023 medii,
1878 971 1993 1030 quo
2027 950 2242 1009 Christi

139 1046 394 1127 pretium
420 1043 587 1102 nobis
620 1041 942 1123 applicatur
981 1041 1108 1122 (l)3
1146 1052 1272 1100 tum
1306 1041 1440 1122 quia
1476 1063 1508 1099 a
1547 1041 1760 1101 Christi
1799 1044 2021 1103 meritis
2049 1044 2239 1103 solum

141 1152 328 1199 totam
354 1140 472 1203 vim
499 1157 664 1197 suam
696 1145 1041 1194 mutuantur
1067 1136 1180 1216 (2).

224 1238 323 1295 71.
374 1234 460 1293 Ad
479 1233 592 1306 5¹1¹,
622 1231 769 1311 Neq.
809 1254 1026 1291 novum
1055 1219 1176 1291 esse
1207 1243 1607 1292 commentum
1648 1236 1933 1293 barbaris
1973 1240 2249 1315 tempori-

145 1334 256 1390 bus
293 1327 676 1407 excogitatum
716 1326 1221 1406 Indulgentiarum
1257 1328 1636 1401 thesaurume,
1676 1330 1796 1389 sive
1834 1330 1994 1389 enim
2030 1330 2251 1389 doctri-

142 1447 278 1484 nam
300 1467 317 1498 ,
357 1444 480 1481 rem
510 1443 724 1504 nempe
742 1422 806 1480 in
832 1444 891 1481 se
912 1434 1237 1502 spectemus
1257 1469 1272 1496 .,
1313 1424 1433 1483 sive
1458 1445 1676 1483 nomen
1701 1425 1895 1506 ipsum
1917 1471 1933 1499 7
1972 1426 2253 1506 antiquis-

143 1520 289 1579 sima
314 1529 470 1577 sunt.
506 1519 658 1576 Sane
685 1518 761 1577 ad
782 1519 909 1577 rem
937 1516 1095 1598 quod
1123 1529 1347 1599 spectat
1365 1564 1381 1591 ,
1413 1529 1503 1576 tot
1525 1523 1647 1594 ejus
1679 1531 2003 1601 suppetunt
2036 1531 2246 1595 testeS,

145 1624 285 1695 quot
316 1614 616 1695 Episcopi,
658 1614 775 1671 imo
818 1623 877 1671 et
919 1611 1171 1671 Concilia
1210 1612 1284 1670 ad
1319 1617 1641 1693 Martyrum
1675 1614 2150 1673 intercessionem
2192 1625 2252 1673 et

145 1711 220 1769 ad
235 1710 514 1768 intuitum
535 1709 794 1789 ipsorum
822 1708 1163 1766 meritorum
1193 1706 1623 1786 Indulgentiam
1646 1719 2084 1783 concesserunt,
2112 1720 2257 1790 quot

148 1808 344 1865 Patres
380 1803 703 1863 docuerunt
738 1803 967 1883 piorum
999 1822 1064 1859 ac
1113 1803 1459 1860 Sanctorum
1494 1802 1774 1882 lacrymas
1817 1813 1875 1862 et
1912 1802 2138 1862 labores
2184 1803 2261 1862 ad

150 1900 399 1959 aliorum
415 1909 787 1980 peccatorum
802 1896 1195 1978 expiationem
1213 1896 1473 1955 conferre
1491 1895 1605 1975 (3).
1627 1898 1795 1970 Quod
1810 1918 1947 1956 vero
1963 1899 2173 1956 attinet
2186 1897 2262 1957 ad

219 2090 286 2153 (l)
321 2088 458 2137 Recte
503 2087 694 2137 Bossuet
715 2125 728 2148 ,
779 2085 1072 2152 Exposition
1110 2083 1167 2132 de
1242 2092 1548 2150 peccatorum
1587 2085 2042 2149 &satisfactionum
2084 2084 2266 2133 Indul-

151 2171 199 2219 la
230 2170 442 2218 doctrine
470 2169 526 2217 de
546 2169 751 2234 I’quis‘e
772 2168 896 2216 cath.
927 2169 1063 2231 chap.
1099 2163 1164 2214 8:

157 2252 222 2302 Ce
269 2269 359 2317 que
418 2268 538 2300 nous
591 2250 815 2317 appelons
870 2251 1169 2315 satisfaction

155 2335 292 2400 apres
315 2343 439 2382 toute
470 2332 674 2399 l’quise
690 2334 929 2381 ancienne
949 2368 964 2393 ‚
1002 2331 1127 2380 n’est
1152 2367 1165 2390 ,

155 2417 293 2480 apres
335 2423 464 2474 tout,
497 2415 673 2480 qua’une
708 2414 1005 2481 application
1034 2414 1091 2462 de
1122 2413 1170 2460 la

161 2488 534 2560 satisfaction‘de
548 2495 588 2541 J
587 2500 715 2544 esus·
724 2496 903 2545 Christ.
920 2495 1054 2560 Quod
1068 2498 1172 2562 qui-

162 2577 269 2625 dem
298 2579 580 2641 principium
599 2576 690 2625 alte
721 2594 901 2642 semper
932 2580 983 2624 in
1015 2586 1172 2624 mente

164 2667 398 2722 repostum
427 2657 678 2706 tenendum
696 2667 764 2705 est
783 2694 796 2716 ‚
828 2674 936 2705 cum
953 2658 1063 2705 inde
1090 2657 1173 2704 lux

163 2756 259 2786 non
281 2739 463 2786 modica
483 2738 698 2803 affulgeat
718 2741 792 2796 iis,
825 2756 926 2805 quae
954 2739 1012 2787 de
1047 2734 1176 2788 satis-

164 2821 446 2869 factionibus
474 2819 751 2868 Sanctorum
784 2831 828 2869 et
860 2820 1175 2884 Indulgentia-

167 2921 270 2951 rum
312 2903 651 2968 dispensatione
681 2903 945 2951 traduntur.
976 2901 1077 2950 Hoc
1106 2912 1174 2950 ta-

169 3002 278 3032 men
320 3001 417 3032 non
471 2985 694 3050 impedit,
739 2987 990 3052 quominus
1017 2986 1176 3032 merita

171 3064 444 3114 Sanctorum
485 3083 589 3115 vere
615 3067 933 3116 satisfactionis
959 3076 1004 3116 et
1030 3069 1178 3131 impe·
1204 3122 1207 3124 ,

172 3145 492 3196 trationis‘vim
504 3147 725 3208 habeant,
749 3159 801 3196 ut
821 3149 907 3197 fert
922 3149 1180 3198 communis

177 3231 429 3291 sententia3
457 3246 564 3278 cum
597 3232 688 3278 sint
706 3230 910 3278 medium
932 3266 948 3291 ‚
982 3247 1074 3296 quo
1091 3247 1179 3278 no-

177 3308 251 3356 bis
270 3309 558 3374 applicantur
586 3314 748 3359 merita
778 3322 823 3360 et
853 3312 1182 3360 satisfactiones

179 3390 381 3449 Christi,
412 3393 482 3438 uti
515 3393 568 3440 fit
594 3410 674 3457 per
712 3411 850 3458 opera
888 3394 1183 3442 satisfactoria

176 3475 404 3538 justorum
435 3473 486 3519 in
509 3473 596 3522 hac
621 3477 714 3522 vita
743 3474 1025 3540 degentium.

247 3551 314 3615 (2)
353 3550 450 3600 Cfr.
483 3551 699 3605 Bellarm.
720 3556 801 3604 De
819 3554 1022 3621 Indulq.
1039 3555 1123 3604 lib.
1146 3572 1184 3617 1,

179 3650 283 3698 cap.
307 3631 339 3696 4
359 3670 371 3692 ,
402 3651 453 3681 n.
498 3650 575 3700 17.

1249 2168 1457 2229 qenins,
1490 2184 1596 2232 cap.
1628 2185 1688 2234 73
1722 2166 1902 2216 Amort.
1933 2186 2008 2232 op.
2029 2167 2268 2217 cit.Hist.

1253 2244 1455 2311 Induly.
1493 2265 1525 2296 o
1557 2247 1844 2312 temporibus
1861 2247 2155 2314 Apostolicis
2182 2266 2267 2296 us-

1252 2346 1343 2394 que
1374 2329 1439 2376 ad
1471 2338 1633 2377 nostra
1653 2337 1881 2395 tempora,
1915 2341 2038 2394 part.
2064 2345 2082 2376 1
2104 2366 2119 2389 ‚
2153 2331 2266 2381 diss-

1253 2409 1445 2474 praelim.
1473 2408 1502 2476 ἓ
1533 2427 1560 2458 2
1605 2420 1651 2458 et
1683 2409 1732 2471 33
1769 2411 2004 2461 Theodor.
2038 2430 2064 2459 a
2095 2409 2270 2476 Spiritu

1254 2487 1303 2540 S.
1339 2490 1455 2539 Ord.
1485 2490 1643 2539 Carm.
1683 2490 1942 2538 Tractatus
1987 2490 2267 2555 dogmatico-

1254 2569 1452 2619 moralis
1468 2571 1525 2619 de
1548 2569 1900 2635 Indulqeneiis,
1920 2571 2079 2619 Romae
2114 2569 2238 2636 ¹743
2256 2609 2271 2633 ‚

1256 2662 1377 2717 pat-t.
1403 2669 1454 2712 1,
1494 2652 1602 2700 diss.
1648 2652 1846 2721 praelim.
1877 2651 1905 2720 ᾗ
1944 2669 1973 2701 2
1995 2690 2008 2713 ‚
2051 2653 2080 2701 3
2124 2664 2169 2702 et
2202 2651 2270 2718 43

1257 2733 1382 2783 Petr.
1425 2732 1702 2783 Ballerinius
1724 2770 1743 2796 ,
1786 2737 1867 2784 cit.
1920 2732 2136 2785 Proelect.
2183 2744 2268 2797 111,

1259 2813 1285 2881 S
1316 2832 1345 2863 2
1378 2826 1423 2865 et
1447 2834 1575 2882 seqq.
1607 2815 1668 2865 Hi
1691 2834 1827 2882 porro
1865 2827 2073 2866 auctores
2109 2826 2269 2866 osten-

1259 2898 1400 2957 dunt,
1429 2897 1638 2965 ejusdem
1672 2916 1773 2948 esse
1804 2909 1981 2947 naturae
2014 2899 2267 2965 Indulgen-

1259 2982 1376 3041 tias‚
1412 2997 1517 3048 quae
1550 2979 1608 3029 ab
1647 2979 1897 3045 apostolica
1925 2990 2055 3029 aetate
2095 2981 2154 3029 ad
2182 2995 2266 3029 nos

1262 3080 1409 3130 usque
1439 3080 1660 3112 concessae
1694 3073 1802 3111 sunt
1820 3100 1834 3124 ,
1854 3062 1960 3111 licet
1989 3062 2167 3111 diversa
2200 3062 2276 3110 ra-

1264 3146 1391 3193 tione
1426 3144 1580 3210 quoad
1607 3144 1807 3192 formam
1826 3178 1842 3204 ,
1883 3154 1936 3191 ut
1966 3145 2028 3191 ita
2071 3142 2237 3209 loquar
2256 3180 2271 3203 ,

1267 3227 1537 3275 exteriorem
1555 3226 1727 3274 fuerint
1753 3210 2024 3274 distributae.
2054 3223 2176 3272 Hinc
2191 3226 2274 3273 mi-

1267 3325 1373 3355 rum
1395 3308 1586 3356 cuilibet
1615 3306 1757 3356 videri
1779 3308 1980 3372 poterit,
2024 3303 2190 3355 Suarez
2224 3308 2276 3354 in

1268 3388 1298 3436 3
1330 3397 1454 3454 part.
1489 3386 1542 3438 S.
1582 3388 1748 3436 Thom.
1782 3405 1832 3453 q.
1869 3402 1967 3452 90,
2028 3387 2139 3435 diss.
2174 3385 2274 3454 49,

1268 3479 1378 3519 sect.
1405 3486 1435 3519 2
1459 3507 1473 3530 ,
1501 3487 1551 3518 n.
1589 3484 1647 3517 10
1663 3505 1677 3530 ‚
1704 3469 1932 3533 scripsisse
1959 3486 1974 3518 ε
2004 3468 2152 3518 Nullo
2171 3466 2276 3532 sus-

1265 3552 1453 3615 ficienti
1487 3550 1802 3616 fundamento
1833 3550 2069 3616 affirmare
2100 3567 2276 3618 possu-

1273 3650 1399 3694 mus,
1419 3633 1553 3681 illam
1572 3634 1917 3697 remissionem,
1948 3650 2054 3698 quw
2070 3641 2183 3681 tunc
2192 3631 2283 3695 fie-

251 3713 318 3778 (3)
355 3713 453 3764 Cfr.
473 3713 642 3765 Christ.
660 3714 817 3782 Lupus
835 3753 850 3777 ‚
865 3717 975 3768 diss.
1000 3719 1082 3767 cit.
1110 3716 1194 3768 De
1274 3716 1357 3765 bat
1378 3732 1412 3766 a
1420 3715 1655 3781 praelatis,
1675 3715 1831 3779 fuisse
1851 3714 2061 3778 ejusdem
2080 3713 2283 3764 racionis

1903 3793 1958 3855 3.
