2508 4120
312 93 428 152 356

963 106 1286 146 'mac‘rA'rUs
1330 109 1399 144 DE
1443 108 1825 146 mummolum

308 280 589 341 persona,
624 253 811 313 exiliis
833 298 849 327 ‚
889 250 1400 335 deportationibus
1437 251 1684 333 aliisque
1718 251 1958 312 saevitiis
1991 253 2326 315 Sacerdotes
2364 277 2452 314 ca-

308 353 556 413 tholicos
591 369 796 429 cogere
833 348 909 407 ad
942 347 1231 428 ejusmodi
1261 347 1500 430 nuptias
1521 346 1856 427 jungendas
1893 368 1995 406 seu
2027 345 2451 412 benedicendas

306 456 680 527 sategerunt,
729 445 955 505 omissis
1002 443 1231 504 duabus
1274 444 1582 526 praecipuis
1621 442 2058 503 conditionibus
2101 466 2134 502 a
2180 446 2452 507 Romanis

308 540 687 601 Pontificibus
702 540 920 600 iterum
946 541 1283 623 iterumque
1311 539 1635 599 inculcatis,
1661 541 1888 599 Harum
1899 541 2061 622 prior
2084 551 2196 617 est,
2224 552 2293 600 ut
2319 562 2455 602 con·

297 643 406 717 jux
443 635 761 697 catholicus
787 636 1164 719 promitteret
1191 682 1207 711 ‚
1247 657 1310 695 se
1349 635 1700 696 effecturum
1728 681 1744 709 s
1776 635 1936 717 quod
1985 658 2057 696 ex
2090 658 2151 696 se
2190 636 2341 711 erit,
2391 649 2457 698 ut

306 733 632 816 respective
681 733 916 792 futurus
969 733 1214 792 maritus
1261 743 1363 791 aut
1420 754 1570 791 uxor
1603 731 1679 792 ad
1719 732 2063 813 religionem
2107 732 2457 794 catholicam

308 840 726 903 convertatur3
775 827 961 888 altera
1012 850 1185 902 vem,
1229 849 1415 910 eaque
1456 828 1689 911 potior,
1730 840 1797 887 ut
1835 829 2111 890 universa
2154 829 2349 911 proles
2393 830 2458 890 in

307 925 586 1006 religione
613 923 901 985 catholica
941 924 1290 983 instituatur
1311 924 1423 1006 (1).

388 1021 531 1080 267.
579 1022 695 1079 Has
722 1019 1088 1079 conditiones
1112 1031 1320 1102 utpote
1345 1023 1665 1080 contrarias
1690 1021 1792 1081 fini
1813 1067 1829 1095 ,
1854 1043 2034 1104 quern
2070 1022 2240 1082 unice
2261 1022 2459 1083 intue-

308 1117 528 1177 bantur
548 1163 563 1191 ,
594 1115 879 1198 gubernia
902 1115 1004 1175 illa
1027 1115 1345 1175 acatholica
1368 1116 1615 1175 omnino
1635 1129 2021 1200 respuerunt,
2040 1122 2460 1201 jusseruntque

311 1214 625 1298 Episcopos
663 1211 934 1295 parochis
970 1210 1083 1271 sibi
1117 1210 1394 1290 subjectis
1437 1211 1837 1289 demandare,
1880 1224 1946 1273 ut
1988 1214 2213 1296 nuptiis
2259 1214 2460 1274 mixtis

310 1310 733 1371 benedicerent
755 1355 770 1385 7
816 1310 980 1370 omni
1023 1307 1428 1368 admonitione
1465 1313 1891 1391 praetermissa‚
1932 1311 2214 1392 omnique
2255 1310 2460 1371 condi-

309 1407 470 1467 tione
501 1405 790 1489 seposita,
830 1407 978 1489 quin
1014 1406 1194 1466 etiam
1221 1427 1300 1465 ne
1330 1405 1620 1466 auderent
1648 1405 1940 1487 denegare
1960 1410 2460 1468 sacramentalem

317 1505 756 1563 absolutionem
799 1502 955 1585 parti
985 1501 1284 1561 catholicae
1304 1546 1319 1575 ,
1358 1521 1488 1582 quae
1525 1501 1876 1563 detrectaret
1911 1524 1973 1561 se
2003 1501 2290 1581 suincere
2316 1526 2462 1564 con·

315 1598 639 1659 ditionibus
662 1598 1018 1681 praescriptis
1041 1619 1075 1656 a
1095 1599 1264 1656 Rom.
1295 1597 1673 1657 Pontificibus
1690 1643 1708 1673 ,
1733 1620 1799 1658 ac
1827 1599 2193 1659 novissimea
2210 1600 2312 1659 Pio
2330 1600 2459 1659 V111

312 1709 442 1754 tum
476 1695 543 1754 in
564 1695 754 1755 Brevi
763 1739 779 1767 .,
813 1705 943 1752 tum
973 1694 1037 1752 in
1059 1693 1448 1753 instructione
1468 1740 1483 1768 ,
1518 1715 1698 1775 quam
1729 1693 1923 1754 eidem
1957 1694 2270 1773 adjecerat.
2305 1697 2462 1775 Ejus·

314 1790 479 1852 modi
497 1789 860 1850 conditiones
875 1790 1177 1851 adversari
1189 1789 1415 1870 legibus
1428 1789 1697 1871 gubernii
1712 1791 2085 1851 declararunt
2098 1814 2207 1853 nec
2217 1792 2466 1875 proinde

317 1878 536 1948 servari
566 1907 738 1969 posse
758 1931 774 1960 2
805 1906 1093 1968 reumque
1124 1886 1250 1945 fieri
1273 1931 1290 1960 ,
1326 1886 1429 1968 qui
1452 1886 1650 1947 civiles
1679 1886 1834 1968 leges
1859 1889 2009 1949 circa
2047 1888 2154 1948 hos
2189 1889 2462 1950 articulos

318 1984 800 2069 praevaricaretur
817 1983 930 2063 (2).
955 1981 1243 2042 Nonnulli
1262 1981 1538 2063 praesules
1556 1983 1621 2042 in
1644 2005 1827 2064 regno
1844 1985 2144 2045 Borussico
2161 1985 2237 2045 ab
2267 1986 2460 2061 initio,

318 2081 539 2164 partim
563 2079 762 2139 animo
787 2078 996 2153 fracti,
1025 2077 1248 2160 partim
1277 2077 1546 2159 decepti,
1586 2079 1663 2138 ad
1686 2091 1922 2163 tempus
1955 2080 2314 2159 jussionibus
2348 2081 2462 2141 illis

319 2186 620 2237 cesserunt
653 2173 786 2255 (3),
828 2172 1018 2233 donec
1055 2172 1488 2257 Archiepiscopi
1518 2174 1883 2236 Coloniensis
1914 2189 1974 2237 et
2007 2177 2413 2238 posnaniensis
2446 2223 2461 2252 a

323 2445 415 2489 tica
456 2444 512 2489 sit
546 2450 685 2506 atque
728 2458 754 2487 a
793 2438 846 2489 S.
889 2436 1007 2488 Sede
1046 2455 1355 2503 promanave-

326 2529 420 2588 rit;
470 2541 640 2573 moneo
688 2534 845 2572 tamen
902 2540 1005 2571 eam
1041 2522 1156 2570 mihi
1195 2532 1357 2588 praesto

326 2627 423 2657 esse
446 2646 458 2667 ,
485 2623 590 2674 quae
621 2606 778 2655 denuo
802 2622 963 2654 recusa
985 2611 1055 2653 est
1083 2607 1134 2653 in
1153 2603 1227 2659 8⁰.
1253 2603 1355 2654 Cfr.

327 2696 465 2742 etiam
506 2707 672 2757 opusc.
718 2692 795 2739 cui
846 2692 921 2737 tit.
973 2688 1157 2737 Lettres
1190 2690 1358 2736 ecrite-⁴3

327 2775 385 2823 de
428 2774 574 2823 Rome
621 2773 653 2822 ὰ
688 2768 763 2821 M.
803 2770 848 2819 le
881 2780 1030 2818 comte
1067 2770 1125 2818 de
1159 2767 1358 2818 Moma-

329 2858 523 2906 lembert
539 2891 555 2917 ,
577 2856 700 2920 pair
721 2853 779 2901 de
807 2851 861 2900 F
863 2869 1013 2902 rauce
1032 2890 1044 2911 ‚
1065 2868 1154 2899 sur
1174 2850 1221 2899 la
1238 2868 1354 2899 cou-

331 2942 465 2989 dm'te
482 2940 550 2988 du
562 2950 935 3007 qouvemement
944 2941 1176 3006 prumien
1194 2956 1359 2987 envers

329 3023 654 3089 l’archeveque
694 3023 753 3072 de
792 3021 997 3087 Coloqne
1019 3060 1032 3082 ‚
1075 3039 1176 3088 par
1203 3019 1359 3069 l'abbe

332 3106 393 3158 P.
437 3109 500 3158 P.
537 3126 642 3174 pag.
676 3123 735 3155 21
763 3142 777 3167 ,
815 3106 941 3155 Paris
969 3103 1115 3155 1838.
1149 3106 1215 3155 Ex
1245 3123 1362 3173 prae-

330 3194 413 3240 sat.
449 3192 509 3240 ad
541 3191 928 3259 justificationem
975 3189 1328 3254 diplomaticam
1350 3225 1361 3247 ,

332 3276 501 3323 factam
532 3292 557 3322 a
588 3274 816 3340 gubernio
842 3271 1089 3320 Borussico
1130 3273 1250 3320 circa
1279 3272 1362 3320 de-

333 3364 643 3425 portationem
676 3359 1020 3424 Archiepiscopi
1034 3356 1324 3407 Coloniensis
1345 3396 1360 3418 ‚

333 3454 487 3509 patet,
505 3446 701 3504 crimen,
718 3454 763 3492 et
783 3443 974 3509 quidem
994 3440 1210 3500 unicum,
1228 3443 1363 3507 cujus

333 3545 467 3576 causa
516 3529 563 3575 in
606 3527 799 3576 exilium
838 3536 965 3575 actus
1006 3533 1075 3575 est
1119 3524 1361 3588 Archiepi-

333 3629 519 3677 scopus,
546 3614 594 3659 in
616 3628 671 3659 eo
689 3611 827 3658 situm
843 3610 1003 3671 fuisse,
1032 3607 1156 3674 quod
1171 3610 1262 3655 cito
1288 3609 1361 3654 ni-

1443 2444 1530 2488 mis
1546 2440 1804 2505 vulgaverit
1818 2453 1990 2492 secreta
1999 2444 2213 2509 gubernii
2225 2445 2461 2497 mandata.

1441 2521 1515 2570 En
1545 2524 1822 2589 praefationis
1848 2525 1991 2574 verba
2012 2529 2062 2574 in
2086 2545 2348 2578 sermonem
2367 2530 2465 2595 gal-

1440 2606 1585 2654 licum
1601 2623 1821 2656 conversa
1834 2625 1849 2656 =
1884 2606 1985 2656 Car
2002 2609 2185 2675 cipe-ine
2202 2610 2277 2658 lm·
2291 2620 2463 2662 eut-on

1441 2691 1672 2737 cransmis
1688 2688 1735 2737 Ia
1747 2689 1933 2738 volente
1949 2691 2016 2739 du
2032 2693 2108 2740 roi
2127 2709 2216 2740 son
2245 2695 2428 2741 nnaitre
2447 2732 2457 2750 ,

1441 2772 1811 2838 qu'ilproooqua
1826 2772 1891 2821 les
1899 2776 2073 2840 esprits
2082 2774 2171 2823 cula
2189 2775 2361 2824 revelle
2369 2792 2465 2841 par

1442 2855 1489 2903 la
1496 2856 1739 2921 publicini
1763 2861 1960 2921 pree-oce
1990 2856 2112 2922 qu’il
2127 2856 2291 2906 donna
2309 2893 2324 2918 ‚
2358 2860 2460 2907 vis-

1443 2940 1575 2986 ὰ-υιέ
1603 2937 1671 2985 du
1692 2938 1897 3004 peuple,
1921 2956 2021 2987 aux
2045 2939 2208 2990 ordres
2242 2940 2311 2989 du
2333 2958 2457 3007 qou-

1445 3030 1737 3079 vernemenc,·
1752 3023 1973 3071 alluditur
1995 3034 2150 3072 autem
2167 3025 2223 3073 ad
2251 3042 2458 3075 conven-

1447 3107 1623 3154 tionem
1644 3144 1657 3165 ,
1675 3106 1734 3153 de
1765 3124 1858 3172 qua
1873 3106 2013 3172 paulo
2032 3117 2132 3172 post
2162 3108 2457 3158 disseremus.
2502 3151 2503 3154 ,

1519 3189 1582 3254 (l)
1621 3189 1720 3237 Csr.
1751 3189 1909 3238 Breve
1932 3188 2001 3238 Pii
2032 3203 2154 3250 vm,
2184 3191 2280 3240 dat.
2309 3191 2459 3241 die25

1448 3271 1587 3320 Mart.
1625 3269 1751 3320 1830
1772 3311 1786 3336 ‚
1818 3274 1867 3320 in
1900 3274 1978 3320 cit.
2015 3272 2243 3338 Exposit.
2268 3274 2456 3324 docum.

1449 3374 1500 3405 n.
1533 3358 1618 3416 tit,
1652 3373 1755 3420 pag.
1792 3353 1840 3404 5.

1519 3438 1585 3504 (2)
1623 3437 1723 3487 Cfr.
1744 3441 1822 3485 eit.
1843 3437 1895 3485 E
1896 3441 2067 3504 xposit.
2088 3457 2191 3504 pag.
2222 3455 2285 3487 22
2303 3450 2455 3506 etseq.

1516 3521 1581 3585 (3)
1619 3519 2000 3587 Archiepiscopus
2025 3521 2160 3571 Com.
2195 3522 2253 3571 de
2281 3519 2460 3587 Spiegel

1455 3608 1543 3654 fnit
1584 3609 1943 3653 instrumentum
1964 3641 1979 3665 ‚
2010 3623 2102 3670 quo
2132 3623 2240 3654 usus
2282 3614 2348 3652 est
2369 3602 2458 3650 Bo-
