2508 4120
285 100 403 159 364

928 122 1251 164 TRACTATUS
1301 129 1369 164 DE
1414 129 1791 170 MA‘rumomo.

285 267 588 327 canonicas
607 265 939 325 sanctiones
959 268 1210 328 Romani
1229 270 1541 332 Pontifices
1557 284 1713 333 ratas
1739 273 2113 353 habuerunt,
2144 302 2210 341 ac
2232 284 2413 344 veluti

285 385 394 444 pro
426 361 700 420 universa
736 361 981 421 Ecclesia
1023 366 1147 423 vim
1184 364 1326 446 legis
1355 365 1642 428 habentes
1673 383 2042 450 agnoverunt
2064 419 2080 448 7
2111 376 2201 434 uti
2229 361 2295 438 8(
2311 381 2424 439 Leo

287 459 365 516 M.
395 456 485 536 (l)
511 502 526 531 7
561 457 1056 541 BonifaciusV(2)
1080 505 1096 529 7
1129 461 1464 543 Stephanus
1489 465 1564 522 IV
1592 463 1682 545 (3)
1704 513 1720 542 7
1757 465 2026 527 Nicolaus
2052 469 2075 528 I
2099 469 2189 551 (4)
2209 516 2227 546 ,
2255 474 2429 534 Boni-

285 552 463 611 facius
499 553 628 611 VIII
666 553 792 634 (5),
836 553 1108 615 Clemens
1149 559 1279 616 VIII
1324 558 1414 638 (6)
1438 604 1454 629 7
1494 558 1768 619 Urbanus
1798 564 1942 623 item
1977 565 2107 624 VIII
2140 566 2267 646 (7)7
2296 567 2431 629 Cle-

285 669 455 707 mens
477 649 555 706 XI
594 648 715 730 (8),
758 651 1103 711 Benedictus
1131 654 1263 712 XIV
1299 654 1389 734 (9)
1412 699 1426 728 7
1471 655 1605 714 Pius
1639 657 1713 715 VI
1752 657 1884 740 (10)
1906 704 1922 734 ,
1965 659 2098 719 Pius
2128 662 2228 721 VII
2260 662 2430 745 (11),

287 744 423 803 Pius
455 744 592 805 VIII
624 747 787 825 (12),
830 768 895 806 ac
931 746 1173 808 demum
1217 750 1529 830 Gregorius
1563 751 1695 812 XVI
1729 752 1860 834 (13)
1875 797 1897 826 ,
1945 754 2047 837 qui
2089 759 2434 819 earumdem

286 852 573 924 praeterea
612 841 1052 905 observantiam
1086 867 1294 926 urgere
1338 869 1648 930 nunquam
1677 847 2059 913 destiterunt.

283 1035 439 1095 jectus
461 1070 476 1094 7
505 1038 595 1101 qui
617 1036 720 1085 vult
747 1041 970 1104 reputari
990 1048 1035 1087 et
1058 1038 1231 1088 haberi
1247 1055 1328 1087 ca-

288 1115 492 1166 tholicus
512 1157 526 1177 7
556 1130 822 1186 proesumat
863 1122 921 1170 de
971 1132 1151 1179 cetero,
1183 1122 1330 1171 hoere-

289 1202 382 1250 eico
402 1239 416 1263 7
435 1202 686 1252 Patareno
709 1241 722 1264 7
744 1202 948 1254 Gazauo
968 1244 982 1265 7
1004 1205 1329 1267 schismatico,

288 1283 365 1333 vel
392 1284 540 1334 alteri
576 1286 700 1351 fidei
738 1286 1022 1337 christianae
1055 1291 1327 1345 contrario,

290 1369 505 1417 maxime
535 1368 802 1430 Ruthenie7
843 1370 1113 1437 Bulyarisr,
1147 1371 1332 1420 Litua-

290 1451 402 1512 nis,
444 1452 500 1499 in
541 1468 704 1501 errore
727 1454 1101 1505 manentibus...
1131 1454 1294 1519 filiam
1315 1494 1330 1517 7

292 1541 503 1599 neptem,
516 1539 927 1601 consanqui‘neam
943 1554 1083 1585 suam
1094 1538 1333 1588 connubio

292 1617 480 1665 tradere
496 1655 511 1682 7
537 1618 611 1666 vet
642 1636 724 1667 eas
747 1621 818 1667 eis
846 1621 985 1668 modo
1010 1619 1174 1686 aliquo
1192 1637 1334 1688 copu-

293 1698 428 1764 lare3
462 1718 574 1750 cum
615 1701 702 1750 hoc
731 1704 798 1750 eit
825 1704 884 1751 in
914 1703 1170 1769 proedictoe
1209 1704 1332 1769 fidei

293 1781 575 1832 christianae
602 1783 943 1833 detrimentum
971 1803 1070 1834 non
1086 1787 1333 1835 modicum

295 1875 342 1914 et
346 1867 620 1932 jacturam.
655 1866 790 1916 Nam
814 1869 942 1921 sieut
969 1868 1237 1918 didicimus
1269 1870 1333 1920 ab

295 1960 487 2018 emperto
507 1990 523 2010 ,
541 1954 642 2002 viri
666 1953 727 2002 ab
744 1956 932 2004 unitate
945 1954 1064 2018 fidei
1080 1953 1334 2005 catholicas

296 2036 530 2101 separati,
563 2052 737 2084 uxores
763 2054 877 2085 suas
891 2074 903 2096 7
920 2039 1235 2102 quantumvis
1252 2054 1335 2085 ca-

297 2117 497 2167 tholicas
514 2155 528 2178 7
577 2120 847 2182 instiqante
882 2119 1071 2168 diabolo
1088 2157 1102 2180 7
1137 2119 1204 2167 ad
1220 2120 1335 2184 infi-

298 2198 510 2249 delitatis
525 2216 733 2248 errorem
749 2200 952 2248 trahunt
975 2240 988 2261 7
1005 2202 1173 2267 potius
1190 2218 1337 2266 quam

298 2282 581 2343 trahantur.
618 2282 756 2348 Apud
807 2283 1043 2341 Harduin7
1094 2295 1209 2333 tom.
1237 2301 1333 2344 vu,

300 2366 390 2415 col.
413 2365 541 2414 1300
561 2375 605 2414 et
621 2382 723 2432 seq.
749 2365 852 2415 Cfr.
870 2369 1011 2415 etiam
1027 2366 1300 2416 Kutschken
1325 2403 1338 2425 ‚

300 2448 393 2496 loc.
430 2449 512 2496 cit.
540 2465 648 2513 pag.
683 2463 733 2495 11
751 2465 769 2495 1
794 2458 840 2495 et
864 2465 992 2515 seqq.

373 2530 441 2595 (l)
479 2530 631 2579 Serm.
689 2548 842 2579 Lxxxn
864 2565 878 2590 7
913 2533 1025 2580 item
1055 2549 1196 2579 serm.
1242 2548 1301 2578 xv
1322 2568 1334 2589 7

303 2624 349 2661 et
375 2613 504 2662 alibi.

374 2695 440 2758 (2)
479 2694 580 2743 Cfr.
601 2695 724 2743 Beda
743 2731 760 2757 7
789 2694 930 2745 Hist.
969 2706 1101 2760 yent.
1122 2693 1333 2761 Auqlor.

305 2779 395 2828 lib.
426 2795 492 2839 11,
527 2797 629 2844 cap.
660 2795 694 2845 9
723 2790 767 2827 et
799 2796 863 2827 xi.

378 2860 451 2926 (3)
484 2860 579 2909 Cfr.
604 2862 729 2926 apud
752 2861 1007 2910 Baronium
1038 2861 1098 2910 ad
1118 2880 1197 2910 an.
1219 2877 1336 2929 770,

309 2943 478 3010 Epist.
503 2943 568 2992 ad
587 2943 815 2992 Carolum
839 2954 883 2991 et
905 2943 1337 2992 Carolomannum.

380 3027 451 3092 (lt)
481 3027 627 3094 Resp.
652 3026 717 3074 ad
736 3026 938 3076 consult.
955 3026 1167 3093 Bulqar.
1182 3046 1237 3077 n.
1257 3042 1339 3077 22.

377 3112 452 3175 (5)
486 3108 545 3161 In
584 3127 631 3160 vr
676 3108 862 3158 Decret.
899 3110 988 3160 lib.
1015 3129 1076 3170 v,
1121 3120 1235 3159 tom.
1272 3125 1340 3169 117

311 3211 415 3258 cap.
461 3191 545 3257 24.

381 3275 450 3339 (6)
487 3275 584 3324 Cfr.
619 3275 901 3342 Spondanus
924 3311 937 3334 7
961 3273 1156 3323 Annal.
1180 3276 1238 3323 ad
1258 3293 1338 3325 an.

323 3355 470 3420 1600,
503 3378 556 3409 n.
594 3360 625 3410 5
645 3396 659 3422 7
692 3358 775 3409 ubi
812 3360 1020 3408 invenies
1052 3357 1342 3408 conditiones

316 3441 502 3490 easdem
540 3442 649 3491 duci
682 3443 874 3492 Bai-ensi
908 3443 1195 3509 propositae,
1229 3459 1344 3507 quas

320 3541 450 3573 nunc
477 3523 686 3575 Ecclesia
725 3528 883 3591 exigit.

388 3605 452 3668 (7)
488 3603 656 3655 Litter.
709 3607 923 3673 Apostol.
967 3622 1100 3667 1¹11,
1159 3607 1219 3654 30
1264 3605 1359 3653 De-

321 3690 465 3736 cemh.
515 3687 662 3752 1624.

1486 1039 1554 1104 (8)
1593 1038 1693 1088 cfr.
1728 1019 1980 1091 Clementis
2031 1060 2078 1091 x1
2116 1041 2355 1109 Epistola?
2394 1053 2440 1094 et

1418 1119 1604 1169 Brevia
1622 1120 1863 1172 selectiora
1878 1159 1894 1183 ,
1916 1123 2080 1174 Romae
2115 1124 2242 1190 1724
2261 1164 2275 1187 7
2304 1128 2438 1192 epist.

1416 1203 1514 1253 dat.
1547 1205 1611 1254 23
1642 1204 1782 1254 Febr.
1832 1204 1961 1274 1706
1983 1207 2042 1257 ad
2077 1207 2292 1274 Episcop.
2321 1209 2439 1274 Age·

1388 1337 1395 1343 ,
1419 1303 1611 1336 nensem
1636 1303 1651 1350 3
1683 1291 1797 1338 item
1828 1291 1962 1355 epist.
1987 1290 2047 1339 ad
2078 1290 2341 1358 Principem
2367 1291 2443 1340 Bi-

1418 1374 1667 1437 pontinum
1707 1372 1804 1422 dat.
1840 1373 1903 1422 23
1931 1373 2033 1424 Jul.
2068 1391 2230 1443 1707,
2275 1382 2323 1425 et
2342 1377 2441 1442 epi-

1419 1455 1534 1503 stola
1566 1455 1672 1503 data
1703 1469 1768 1503 22
1798 1453 1927 1520 Sept.
1967 1454 2094 1521 1708
2111 1458 2170 1505 ad
2202 1457 2441 1507 eumdem.

1418 1534 1476 1582 In
1508 1544 1708 1600 utraque
1740 1552 1877 1599 porro
1909 1534 2097 1600 epistola
2116 1536 2283 1585 abnuit
2300 1536 2441 1584 Sum·

1418 1634 1522 1664 mus
1544 1616 1759 1666 Pontifex
1802 1617 1937 1664 illum
1963 1635 1989 1665 a
2025 1617 2124 1683 lege
2155 1621 2445 1683 cognationis

1416 1701 1645 1759 eximere,
1684 1709 1735 1746 ut
1770 1701 1823 1747 in
1861 1697 2217 1750 Matrimonium
2258 1700 2450 1749 duceret

1417 1781 1683 1847 Principem
1703 1782 2012 1831 acatholicum
2029 1820 2043 1842 7
2075 1785 2167 1831 nisi
2195 1785 2331 1849 prins
2364 1782 2443 1832 illa

1418 1867 1638 1932 ejurasset
1670 1883 1762 1913 suae
1790 1875 1925 1914 sectae
1957 1866 2191 1915 haeresim.

1488 1950 1555 2015 (9)
1581 1949 1801 1999 Condit.
1833 1966 1876 1997 1.1
1894 1986 1909 2010 7
1953 1950 2012 1998 ad
2042 1949 2323 2010 primatem,
2357 1948 2445 1997 Ar—

1419 2034 1638 2100 chiepisc.
1694 2045 1739 2084 et
1790 2034 1945 2100 Episc.
2020 2033 2227 2082 Poloniae
2258 2070 2273 2095 7
2342 2049 2445 2100 quae

1419 2119 1588 2182 incipit
1624 2134 1639 2167 ε
1681 2102 2073 2182 AIaqnoeflobzb,
2103 2117 2185 2164 dat
2216 2132 2300 2183 29.
2325 2114 2442 2164 Jun.

1427 2197 1587 2268 1748,
1615 2201 1667 2247 in
1699 2196 1852 2265 ejusd.
1891 2198 2083 2247 Bullarii
2113 2207 2231 2247 tom.
2253 2214 2319 2257 11,
2338 2215 2444 2263 pag.

1419 2280 1558 2345 4ι3;
1587 2285 1701 2330 item
1733 2284 1784 2328 in
1815 2280 1979 2330 Cenat.
2013 2281 2073 2328 ad
2109 2280 2297 2330 eosdem
2343 2280 2449 2329 data

1420 2364 1497 2413 die
1524 2362 1557 2413 8
1583 2364 1782 2429 Augusti
1818 2364 1971 2430 ejusd.
2012 2362 2158 2422 anni,
2190 2378 2295 2429 quae
2331 2365 2450 2411 inci-

1422 2449 1489 2513 pit
1507 2485 1521 2510 7
1549 2446 1638 2496 Ad
1666 2455 1776 2494 tuas
1804 2463 1983 2495 manus
2004 2483 2019 2507 7
2053 2446 2175 2496 ibid.
2208 2465 2312 2512 pag.
2332 2445 2451 2514 491.

1422 2531 1527 2580 Cfr.
1563 2530 1702 2580 etiam
1723 2534 1775 2579 in
1808 2549 1888 2596 op.
1915 2532 1993 2579 De
2027 2529 2227 2595 synodo,
2263 2529 2351 2582 lib.
2378 2547 2422 2579 vi
2445 2567 2458 2589 7

1422 2631 1522 2680 cap.
1562 2611 1593 2662 5
1618 2652 1631 2675 7
1672 2632 1809 2664 num.
1843 2614 1873 2663 3
1910 2623 1956 2663 et
1983 2631 2119 2680 seqq.

1491 2697 1592 2761 (10)
1622 2698 1676 2745 In
1692 2698 1944 2763 Rescripta
1962 2697 2020 2744 ad
2039 2694 2181 2746 Card.
2204 2696 2262 2745 de
2281 2695 2318 2743 F
2322 2711 2455 2744 ranc-

1421 2780 1647 2846 kenberg.
1683 2779 1826 2828 Arch.
1869 2778 2094 2828 Mechlin.
2140 2779 2216 2827 die
2257 2777 2316 2826 13
2351 2777 2455 2827 Jul.

1431 2859 1556 2927 1782
1581 2900 1593 2921 7
1619 2863 1745 2927 apud
1790 2861 1974 2921 Moser,
2010 2879 2087 2926 op.
2122 2863 2203 2909 cit.
2252 2858 2332 2907 De
2363 2862 2458 2908 im-

1418 2944 1713 3010 pedimentis
1726 2943 1958 2992 Matrim.
1978 2943 2094 2992 edit.
2116 2946 2195 2990 cit.
2210 2960 2316 3007 pag.
2344 2959 2458 3010 179.

1497 3027 1597 3091 (11)
1635 3027 1690 3076 In
1727 3027 1975 3092 Rescripto
2015 3026 2081 3075 ad
2126 3024 2393 3092 Episcopoe
2418 3033 2464 3074 et

1427 3112 1636 3158 vicarios
1680 3109 1887 3176 capitul.
1940 3106 2251 3170 Galliarum,
2281 3108 2355 3157 die
2403 3124 2461 3175 19

1426 3194 1564 3244 Febr.
1603 3193 1900 3262 1809.1bid.
1931 3212 2037 3260 pag.
2084 3190 2195 3260 194.

1496 3276 1597 3340 (12)
1637 3277 1691 3324 In
1717 3276 1889 3338 Brevi,
1908 3277 1967 3325 de
1980 3293 2075 3343 quo
2102 3292 2241 3340 supra
2260 3311 2273 3335 7
2292 3274 2388 3322 dat.
2407 3272 2471 3321 25

1435 3362 1577 3410 Mart.
1615 3358 1757 3412 1830.

1499 3443 1605 3511 (13)
1645 3443 1703 3492 In
1750 3442 2059 3492 Allocutione
2105 3441 2266 3490 habita
2301 3441 2376 3489 die
2416 3456 2472 3487 10

1444 3526 1675 3578 Decemb.
1728 3524 1872 3592 1837.
1918 3523 2021 3575 Cfr.
2064 3521 2391 3590 Exposisione
2418 3519 2473 3567 di

1443 3611 1567 3674 fatto
1591 3648 1603 3669 7
1641 3621 1724 3659 etc.
1762 3611 2021 3657 documm.
2055 3605 2129 3656 16.
