2508 4120
340 95 456 154 194

1058 106 1377 144 TRAGTATUS
1420 107 1490 142 DE
1533 106 1760 145 Onnum.

339 258 509 341 pauci
554 254 648 313 isti
695 248 957 308 libertini
979 292 995 322 7
1036 247 1137 327 qui
1187 267 1295 305 nec
1339 246 1663 306 advertunt
1709 248 2058 308 anomaliam
2078 296 2094 326 ,
2151 264 2217 310 ut
2257 252 2335 311 sic
2385 252 2476 310 lo·-

341 373 487 435 quar
509 395 523 422 .,
551 343 792 429 petendi
816 365 850 402 a
877 342 1176 422 guberniis
1201 340 1641 421 abrogationem
1665 339 1820 399 illius
1843 340 1983 421 legis
2001 387 2018 418 ‚
2059 366 2184 426 quae
2218 347 2477 407 ecclesia·

340 448 494 506 sticae
520 489 536 515 ,
564 443 684 501 imo
713 451 772 499 et
792 437 1116 521 apostolicae
1134 449 1222 497 est
1243 437 1625 495 institutionis
1647 481 1663 511 ,
1683 457 1931 518 quaeque
1948 458 1979 496 a
1995 440 2196 520 primis
2220 443 2477 503 Ecclesiae

338 541 545 601 seculis
576 538 652 597 ad
680 559 787 596 nos
815 557 997 618 usque
1033 535 1328 617 pervenit.
1895 577 1901 582 a

418 635 560 696 234.
606 634 739 713 Obj.
769 632 1041 693 secunda.
1076 634 1137 690 10
1178 629 1485 690 Caelibatus
1523 628 1897 690 intolerantia
1937 651 2003 688 ea
2047 642 2170 706 est,
2219 652 2344 712 quae
2391 645 2478 693 tot

339 731 627 814 compulit
681 730 820 789 cleri
871 727 1152 808 regularis
1206 748 1271 785 ac
1331 725 1603 785 secularis
1652 724 1918 784 membra
1986 725 2177 785 seculo
2229 728 2356 785 XVI
2404 729 2479 788 ad

338 830 856 907 Reformationem
899 822 1341 900 excogitandam
1377 844 1441 881 ac
1481 821 1959 903 propagandam,
2009 843 2250 905 quaeque
2290 834 2380 882 tot
2415 824 2478 883 in

340 924 673 991 societatem
706 920 908 980 intulit
948 919 1158 979 clades,
1189 919 1257 976 20
1299 918 1533 978 Accedit
1557 963 1573 991 7
1617 939 1721 999 per
1753 916 2084 976 caelibatum
2113 917 2346 977 clericos
2372 940 2477 978 ex-

341 1032 574 1078 traneos
601 1014 1040 1099 quodammodo
1063 1015 1321 1074 societati
1348 1015 1495 1073 fieri.
1518 1013 1691 1073 Nulla
1720 1015 1879 1073 enim
1901 1015 2129 1072 ratione
2147 1015 2478 1095 permoveri

340 1125 590 1197 possunt
616 1113 691 1172 ad
713 1112 1000 1171 societatis
1020 1116 1154 1189 jura
1187 1109 1427 1170 tuenda.
1458 1111 1608 1169 Hinc
1632 1156 1647 1185 7
1675 1110 1982 1169 Ecclesiam
2007 1109 2288 1188 ejusmodi
2316 1110 2478 1169 insti-

341 1212 491 1269 tutio
511 1209 771 1269 societati
793 1230 916 1266 non
936 1219 1169 1266 tantum
1194 1229 1316 1265 non
1341 1205 1599 1267 devincit
1617 1252 1632 1281 ,
1661 1206 1766 1265 sed
1789 1207 1968 1286 magis
1994 1227 2124 1264 eam
2149 1227 2182 1264 a
2207 1205 2477 1265 societate

344 1305 587 1365 devellit
622 1325 686 1363 ac
717 1315 947 1385 separat
968 1349 983 1377 a
1015 1314 1074 1362 et
1109 1315 1328 1361 statum
1348 1303 1410 1360 in
1438 1314 1594 1360 statu
1619 1324 1755 1361 vere
1785 1302 2103 1361 constituit.
2126 1302 2387 1383 Cumque
2417 1301 2481 1359 hi

340 1400 564 1461 caelibes
579 1399 768 1459 clerici
786 1399 949 1457 nullo
968 1398 1197 1461 vinculo
1221 1421 1354 1478 erga
1371 1400 1622 1480 patriam
1645 1410 1704 1458 et
1720 1420 2030 1458 commune
2044 1398 2228 1458 solum
2245 1410 2482 1458 tenean-

344 1508 440 1555 tur
458 1541 474 1570 ,
502 1517 634 1555 cum
653 1506 942 1577 potestate
961 1507 1201 1554 externa
1223 1540 1238 1568 .‚
1266 1497 1527 1552 Romano
1554 1516 1768 1575 nempe
1792 1495 2067 1553 Pontifice
2084 1539 2100 1569 ‚
2125 1495 2337 1553 arctius
2354 1495 2482 1554 col-

344 1591 601 1670 ligantur
622 1635 637 1663 .,
678 1611 793 1670 quo
820 1591 886 1646 fit
916 1601 982 1646 ut
1017 1588 1124 1646 sub
1159 1588 1445 1647 libertatis
1479 1610 1544 1648 ac
1561 1589 2034 1671 independentiae
2071 1589 2260 1649 colore
2292 1591 2482 1671 patria

344 1686 463 1744 alat
499 1686 563 1761 in
602 1683 1006 1743 Sacerdotibus
1053 1695 1139 1743 tot
1171 1684 1367 1743 hostes
1411 1705 1476 1742 ac
1519 1685 1887 1766 proditoreS‚
1942 1684 2035 1744 vel
2081 1684 2288 1743 saltem
2328 1686 2480 1746 cives

345 1801 547 1859 segnes
571 1825 588 1854 ‚
625 1801 733 1838 nec
767 1779 840 1838 de
881 1801 1021 1839 vero
1049 1780 1253 1860 patriae
1284 1778 1443 1838 bono
1481 1780 1790 1855 sollicitos7
1837 1781 2066 1861 ineptos
2107 1779 2183 1838 ad
2207 1779 2481 1861 praeclara

344 1878 622 1936 facinora.
659 1877 811 1935 Hinc
843 1875 1280 1936 colluctationes
1304 1889 1601 1960 perpetuae
1644 1878 1798 1937 inter
1840 1878 2238 1937 Sacerdotium
2264 1889 2324 1937 et
2361 1880 2481 1938 Im—

346 1973 580 2055 perium
600 2018 615 2046 ,
643 1994 772 2054 quae
802 1973 1142 2033 societatem
1171 1972 1454 2053 affligunt.
1490 1975 1732 2055 Quaqua
1755 1973 1934 2052 igitur
1957 1995 2155 2034 versus
2187 1985 2481 2050 spectetur

349 2070 720 2129 continentiae
743 2068 839 2127 lex
860 2113 876 2143 ·,
908 2090 1013 2150 per
1041 2090 1245 2126 sanam
1275 2069 1575 2150 politicam
1607 2069 1896 2128 eliminari
1918 2068 2093 2129 debet
2116 2069 2228 2149 (l).

429 2164 572 2223 235.
619 2167 790 2244 Resp.
821 2163 925 2222 Vel
942 2184 1071 2243 neq.
1095 2163 1189 2224 vel
1204 2166 1344 2222 dist.
1375 2165 1461 2223 Ad
1488 2165 1965 2223 reformationem
1999 2163 2440 2244 excogitandam
2462 2211 2478 2239 ‚

350 2280 522 2341 ree9.;
552 2258 627 2318 ad
646 2281 776 2318 eam
799 2259 1182 2339 excogitatam
1210 2259 1682 2341 amplectendam
1704 2305 1719 2333 ,
1754 2261 1930 2318 subd.
1959 2260 2276 2319 nonnullos
2307 2260 2482 2321 corde

351 2377 416 2414 ac
451 2366 651 2414 mente
696 2365 998 2434 corruptos
1016 2400 1033 2430 ,
1085 2375 1245 2413 conc.
1268 2376 1288 2423 ;
1332 2354 1485 2414 bene
1525 2367 1779 2415 moratos
1831 2376 1897 2414 ac
1942 2356 2315 2436 professionis
2358 2377 2482 2415 suae

352 2452 559 2534 spiritu
576 2439 755 2525 actos7
783 2471 914 2530 neq.
947 2451 1014 2507 In
1031 2451 1236 2531 primis
1258 2450 1471 2509 falsum
1494 2463 1604 2525 est7
1630 2451 1923 2531 regulares
1949 2462 2049 2510 aut
2066 2451 2348 2511 seculares
2377 2454 2482 2511 Sa-

352 2547 637 2622 cerdoteS,
677 2567 907 2605 sacrum
932 2545 1264 2606 caelibatum
1288 2547 1704 2622 detrectanteS‚
1730 2550 1996 2607 animum
2018 2549 2374 2609 convertisse
2402 2547 2478 2606 ad

355 2642 832 2701 reformationem
852 2642 1322 2722 excogitandam3
1352 2642 1490 2701 alias
1515 2644 1671 2703 enim
1699 2665 1765 2702 ac
1792 2638 1964 2722 longe
1999 2644 2254 2704 diversas
2279 2665 2476 2703 causas

351 2738 605 2816 assignat
630 2740 712 2796 De
740 2736 948 2811 Pradt.,
977 2737 1049 2795 de
1078 2736 1345 2796 caelibatu
1372 2760 1509 2798 vero
1530 2760 1604 2797 ne
1629 2738 1876 2799 verbum
1905 2738 2143 2820 quidem
2169 2737 2346 2798 habet
2366 2739 2477 2819 (2).

347 2947 354 2953 '
425 2941 491 3006 (l)
530 2940 601 2989 Ita
626 2938 989 3002 Bretschneider‚
1018 2958 1076 3005 op
1090 2943 1169 2990 cit.

426 3024 500 3088 (2)
536 3022 808 3071 Concor-dat
852 3023 908 3071 de
938 3022 1235 3089 l’Amerique
1268 3041 1381 3072 avec

358 3111 545 3167 Rome,
573 3108 708 3172 chap.
737 3109 766 3156 3
786 3145 798 3167 ,
820 3104 871 3167 6,
905 3107 1029 3156 Paris
1062 3106 1206 3157 1838.
1232 3108 1380 3156 Etiam

356 3191 516 3239 Ranke
543 3208 619 3256 op.
657 3193 736 3239 cit.
782 3190 864 3238 liv.
902 3208 948 3249 ι,
990 3191 1124 3256 chap.
1160 3207 1207 3250 2,
1249 3189 1275 3256 S
1316 3189 1379 3254 4,

360 3274 496 3321 aliam
530 3291 716 3322 causam
762 3273 1098 3321 reformationis
1131 3276 1329 3339 assignat
1362 3290 1377 3321 ε

366 3354 450 3402 On
466 3372 496 3402 a
513 3355 587 3403 dit
603 3391 616 3415 ,
638 3356 811 3412 scribit,
838 3372 927 3420 qne
955 3354 999 3401 la
1027 3372 1168 3403 cause
1195 3355 1251 3403 de
1262 3361 1380 3404 cette

358 3447 546 3502 actaque
561 3476 575 3498 ,
599 3439 833 3488 attribube
850 3437 1049 3486 d'abord
1074 3439 1103 3485 ὰ
1126 3438 1277 3486 l'abus
1300 3438 1380 3485 des

363 3518 698 3583 Indulqences‚
714 3524 849 3570 avait
862 3526 929 3569 ἑιό
945 3529 1068 3569 toute
1082 3521 1378 3581 secondair37·

362 3605 548 3650 mais...
585 3605 693 3650 rien
722 3605 888 3652 π’ἑῖαίι
912 3604 1027 3670 plns
1058 3603 1250 3670 capable
1291 3622 1379 3669 que

1461 2941 1507 2988 Ia
1534 2941 1743 2991 doctrine
1777 2941 1857 2988 des
1890 2938 2213 3007 Indulqences
2254 2944 2312 2991 de
2340 2961 2482 2993 scan-

1462 3024 1641 3072 daliser
1656 3041 1726 3072 un
1741 3024 1921 3072 homme
1937 3042 2115 3074 comme
2132 3026 2315 3075 Lutlzer
2333 3066 2346 3088 ‚
2365 3028 2481 3076 d’un

1463 3109 1714 3155 sentiment
1731 3107 1966 3172 reliqieux
1992 3113 2223 3174 mystique
2249 3112 2480 3176 tres-pro·

1466 3195 1614 3238 nonve
1634 3228 1646 3250 ‚
1671 3191 1865 3256 penetra}
1895 3190 1974 3238 des
1997 3195 2186 3240 notions
2206 3210 2293 3242 sur
2320 3191 2368 3241 le
2388 3198 2476 3259 pe-

1461 3274 1543 3322 che
1565 3283 1608 3321 et
1623 3273 1669 3321 la
1683 3274 2010 3339 justification
2040 3275 2164 3324 telles
2180 3275 2305 3342 qu'il
2318 3276 2479 3325 venuit

1462 3357 1517 3403 de
1565 3356 1627 3403 les
1674 3359 1912 3421 exprimer
1970 3358 2095 3405 dans
2139 3376 2209 3406 un
2252 3358 2368 3405 livre
2417 3356 2475 3403 de

1468 3437 1511 3487 T
1508 3438 1712 3505 heoloqie
1728 3476 1742 3499 ‚
1774 3440 1961 3504 inspira
1969 3458 2068 3506 par
2079 3439 2344 3490 I'Ecriture
2362 3437 2477 3485 dont

1463 3522 1501 3569 il
1511 3523 1663 3571 θ’ἑιαὶἰ
1677 3525 1847 3571 nourri
1860 3539 1973 3571 avec
1989 3532 2113 3572 toute
2127 3521 2337 3569 l’ardeur
2350 3519 2473 3567 d'vm

1462 3622 1588 3653 coeur
1630 3606 1786 3656 altere.
1825 3606 1963 3655 Celui
2006 3606 2092 3671 qui
2126 3605 2310 3668 croyait
2338 3604 2474 3652 avoir
