2508 4120
622 164 744 202 off.
795 162 877 202 iv.
926 163 994 205 ms
1038 159 1420 199 mammonas-
1457 157 1660 197 mxi-15.
2074 138 2189 198 409

87 366 90 371 .
167 306 305 366 339.
360 304 447 363 Ad
469 305 552 362 6¹¹¹
573 349 590 379 .‚
626 305 778 384 Ney.
819 306 1033 383 sequel.
1065 302 1345 377 Quamvis
1373 301 1532 360 enim
1561 322 1683 358 non
1716 308 1929 378 agatur
1954 298 2028 358 de
2055 299 2195 358 fidei

87 400 358 476 articulo,
403 399 594 478 agitur
625 410 823 467 tamen
857 396 931 456 de
962 418 1044 456 ea·
1067 396 1264 477 praxi,
1301 416 1433 476 quae
1455 405 1615 453 arcte
1649 415 1910 452 connexa
1936 405 2024 453 est
2060 415 2195 453 cum

88 496 222 555 fidei
251 494 492 554 articulo
512 538 529 567 ,
553 504 613 552 et
633 497 800 570 juxta
822 513 998 572 quam
1022 492 1134 549 rite
1158 489 1555 548 administrari
1579 487 1799 548 debent
1824 490 2196 549 Sacramenta

84 603 152 649 ut
188 590 387 649 salutis
423 587 632 648 media.
678 588 918 666 Exigere
948 596 1256 667 propterea
1286 583 1684 653 conditioneS,
1708 606 1849 664 quas
1871 585 2084 644 intima
2108 585 2194 645 rei

83 696 293 744 natura
327 682 622 763 postulat.,
663 694 728 740 ut
755 683 1126 740 Sacramenta
1163 678 1434 737 salutaria
1474 700 1596 737 esse
1633 679 1860 759 possint
1881 724 1903 747 ,.
1946 701 2038 739 res
2072 702 2196 740 non

84 791 175 840 est
209 779 525 860 disciplinae
555 778 868 839 mutationi
895 775 1179 851 obnoxia,
1217 774 1320 834 sed
1347 786 1437 834 est
1467 774 1798 856 dispositiO,
1841 795 1968 856 quae
1997 797 2199 837 neces—

86 875 235 933 sario
261 874 575 955 requiritur
595 917 611 948 ,
650 883 922 931 constans
962 882 1021 930 et
1048 868 1431 929 immutabilis
1459 915 1474 943 7
1515 880 1581 928 ut
1616 887 1750 929 cum
1785 869 1977 930 fructu
2006 873 2198 932 Sacra-

86 979 355 1028 mentum
377 968 743 1049 suscipiatur.
764 967 1036 1048 Alioquin
1059 964 1375 1025 dicendum
1397 964 1549 1025 foret
1565 1011 1581 1040 ,
1611 964 2017 1047 dispositiones
2043 967 2199 1042 illas,

87 1086 231 1145 quas
254 1064 499 1145 requirit
533 1062 776 1122 Ecclesia
804 1062 867 1120 in
907 1063 1270 1143 poenitente,
1304 1071 1369 1118 ut
1401 1060 1510 1118 rite
1546 1059 1918 1137 absolvatur,
1951 1061 2027 1120 ad
2060 1085 2196 1122 mu—

85 1158 335 1218 tabilem>
358 1158 723 1240 disciplinam
755 1168 1034 1238 spectare.
1075 1156 1362 1217 Motivum
1389 1154 1628 1231 idcircO,
1673 1177 1790 1236 quo
1819 1156 2196 1216 Ecclesiadu-

87 1255 237 1312 citur
276 1253 352 1313 ad
388 1251 717 1332 negandam
752 1251 1225 1311 benedictionem
1251 1251 1513 1331 sponsiS‚
1548 1251 1650 1332 qui
1683 1251 2055 1332 propositum·
2086 1274 2202 1312 ser-

87 1358 231 1411 vant
260 1347 604 1407 instituendi
644 1346 873 1429 prolem
915 1347 981 1405 in
1033 1345 1144 1404 alia
1190 1345 1506 1425 religione,
1542 1367 1613 1405 ex
1658 1367 1728 1405 eo
1773 1347 2007 1423 oritur,
2045 1347 2205 1429 quod

87 1464 424 1525 perversam
444 1464 649 1503 eorum
667 1443 847 1501 animi
876 1441 1376 1523 comparationem
1400 1442 1486 1499 uti
1510 1441 1794 1501 doctrinae·
1815 1453 1874 1502 et
1906 1442 2200 1502 mandatis

92 1537 306 1596 Christi
350 1537 672 1596 fundatoris
709 1537 797 1595 sui
846 1535 1258 1596 adversantem
1304 1536 1617 1596 existimet.
1670 1536 1830 1595 Adeo
1877 1558 2015 1596 vero
2051 1558 2204 1604 ‚con-

90 1643 292 1712 ceptus
315 1631 407 1689 hic
425 1630 838 1690 ecclesiasticus
858 1675 874 1704 ,
900 1651 1023 1688 non
1051 1629 1400 1711 cooperandi
1425 1629 1708 1709 sacrilegis
1731 1631 1953 1712 nuptiis
1979 1631 2202 1706 mixtis,
2245 1686 2247 1689 ,

90 1725 251 1786 cordi
293 1738 381 1785 est
419 1729 589 1785 Rom.
639 1725 1013 1785 Pontificibus
1026 1769 1048 1797 ,
1105 1735 1172 1783 ut
1215 1726 1347 1783 Pius
1398 1726 1524 1783 VIII
1583 1724 1948 1805 derogaverit
1995 1728 2204 1785 canoni

92 1820 334 1879 Concilii
362 1822 737 1880 OEcumenici
778 1820 973 1901 quoad
1016 1818 1146 1879 illas
1173 1821 1536 1902 provinciaS,
1575 1821 1640 1877 in
1670 1819 1879 1900 quibus
1901 1820 2023 1879 haec
2041 1842 2208 1902 paro*

91 1915 182 1975 chi
212 1917 514 1997 praesentia
544 1927 604 1974 et
643 1915 972 1975 benedictio
1002 1938 1033 1973 a
1063 1916 1345 1995 regimine
1376 1915 1613 1997 politico
1651 1916 1709 1974 vi
1737 1916 1984 1996 exigitur
2007 1917 2118 1997 (l).

173 2011 313 2070 340.
363 2010 496 2089 Obj.
521 2011 714 2070 tertia.
755 2013 816 2070 1Ο
852 2010 1080 2070 Falsum
1111 2023 1218 2087 est,
1246 2011 1336 2089 agi
1365 2011 1438 2070 de
1468 2011 1632 2092 praxi
1656 2010 2101 2071 immutabili‘in
2134 2034 2201 2072 ea

89 2104 499 2180 benedictione
533 2105 916 2185 deneganda3
966 2106 1223 2187 alibquin
1258 2105 1501 2165 Ecclesia
1530 2128 1838 2188 nunquam
1875 2129 1908 2165 a
1950 2129 2054 2166 suo
2087 2106 2198 2167 hoc

88 2202 378 2283 principio
414 2202 778 2272 recessisset,
829 2212 1007 2283 prout
1047 2202 1364 2261 novissima
1401 2200 1509 2260 hac
1548 2212 1716 2261 aetate
1749 2203 2020 2277 recessit,
2071 2224 2205 2262 cum

89 2307 214 2355 rata
258 2296 425 2355 duxit
460 2318 527 2356 ea
566 2297 828 2377 conjugia
863 2343 880 2372 ‚
937 2316 1067 2378 quae
1114 2297 1437 2378 antiquitus
1480 2307 1547 2354 ut
1594 2295 1792 2355 illicita
1836 2308 1896 2356 et
1948 2297 2205 2369 invalida

90 2390 454 2471 repudiabat.
498 2394 633 2450 Jam
685 2414 822 2452 vero
864 2391 966 2450 ubi
1009 2391 1192 2450 semel
1221 2390 1467 2450 Ecclesia
1515 2391 1594 2449 ita
1643 2412 1705 2450 se
1744 2393 1956 2471 gessit,
1999 2395 2205 2475 nequit

84 2490 208 2564 jam
238 2506 510 2567 respuere
549 2486 980 2545 consecutiones
1002 2533 1018 2562 ‚
1054 2506 1184 2566 quae
1219 2506 1292 2544 ex
1314 2485 1422 2544 hac
1462 2485 1670 2565 agendi
1694 2488 1921 2547 ratione
1955 2487 2205 2549 descen-

92 2579 262 2640 dunt.
295 2582 364 2639 20
398 2580 669 2655 Accedit,
715 2581 777 2638 in
828 2580 1140 2639 Germania
1195 2581 1368 2640 fuisse
1425 2581 1499 2639 ab
1563 2582 1731 2641 initio
1781 2583 2200 2644 consuetudine

94 2687 155 2735 et
203 2696 310 2734 usu
343 2688 679 2758 receptum,
720 2687 922 2758 postea
962 2697 1104 2753 vero
1142 2676 1318 2735 etiam
1355 2675 1480 2756 lege
1520 2689 1758 2736 cautum
1799 2680 2023 2758 ubique
2057 2681 2203 2739 circa

39 2844 52 2854 ι
96 2771 358 2850 conjugia
397 2772 579 2830 mixta
602 2817 618 2846 ,
658 2770 815 2852 quod
840 2782 1122 2853 tanquam
1155 2773 1596 2832 inadmissibili?
1621 2772 1936 2833 haberetur
1948 2786 2207 2855 pactum

94 2877 154 2925 et
183 2868 416 2944 sponsio
451 2867 598 2925 inita
631 2867 785 2925 inter
821 2889 1065 2948 sponsos
1100 2866 1172 2926 de
1206 2867 1387 2948 prolis
1424 2868 1768 2929 educatione
1797 2881 1933 2930 ante
1962 2870 2210 2950 conjugii

96 2959 548 3022 celebrationem
582 2963 709 3042 (2)3
756 2962 825 3021 30
856 2963 919 3021 in
946 2963 1199 3043 Imperio
1228 2975 1426 3022 autem
1455 2964 1753 3023 Austriaco
1782 2964 1906 3044 lege
1932 2964 2048 3023 lata
2072 2987 2210 3023 san-

96 3057 278 3114 citum
304 3067 391 3114 est
412 3100 429 3130 ,
462 3057 686 3115 nullam
716 3058 1059 3137 exigendam
1082 3058 1453 3143 sponsionem
1479 3080 1602 3118 esse
1628 3059 1692 3117 in
1719 3060 1993 3139 conjugiis
2015 3060 2208 3119 mixtis

95 3151 172 3209 ad
209 3150 660 3232 impertiendam
702 3151 1173 3213 benedictionem
1214 3179 1230 3227 ε,
1288 3154 1554 3236 Episcopi
1605 3176 1745 3214 vero
1793 3155 2210 3235 acquieverunt

93 3245 229 3304 lhuic
262 3243 411 3326 legi,
458 3257 518 3305 et
552 3246 743 3306 adhuc
780 3248 859 3306 ita
899 3269 960 3307 se
1002 3260 1248 3328 gerunt,
1292 3249 1799 3309 accommodantes
1839 3272 1962 3310 sese
2010 3272 2206 3311 rerum

163 3478 232 3540 (1)
269 3476 649 3544 Csr.Dollinge1-‚
686 3495 766 3542 op.
796 3480 878 3528 cit.
902 3495 1008 3544 pag.
1033 3479 1117 3528 33.
1203 3485 1279 3529 cui
1312 3485 1386 3531 tit.
1419 3480 1706 3547 Expositio‚
1739 3493 1830 3532 etc.
1870 3482 2015 3532 relata
2046 3484 2206 3531 saltem

101 3557 166 3623 45
194 3569 238 3607 et
272 3576 400 3624 seqq.
1200 3580 1281 3628 per
1344 3567 1577 3628 epitomen
1634 3567 1683 3612 in
1752 3563 2065 3631 Ephemerid.
2150 3581 2200 3612 n

96 3657 99 3661 ·
169 3640 235 3704 (2)
272 3641 336 3689 Ita
372 3641 556 3690 Bunsen
581 3645 663 3702 ,in
690 3639 880 3708 Scripta
926 3642 1119 3708 officiali
1199 3645 1310 3694 Jan.
1353 3642 1497 3694 1838.
