2612 4146
339 189 417 248 84
1066 210 1383 248 TnAcrA'rus
1425 212 1494 248 nn
1536 211 1761 249 oannis.

338 354 532 413 sanxit
561 376 574 413 :
608 354 684 414 Sa·
706 357 845 432 quis
867 352 1124 419 dimerit,
1147 355 1377 431 prceter
1397 352 1813 414 Sacerdotium
1834 377 1955 415 non
1978 353 2093 414 esse
2113 359 2181 414 in
2200 358 2472 418 Ecclesia

337 451 627 510 catholica
666 451 815 507 alios
857 446 1116 505 Ordines
1165 456 1222 505 et
1262 452 1518 525 majores
1561 448 1907 511 et'minores
1930 498 1945 520 ,
1980 473 2098 531 per
2129 473 2275 531 quos
2317 460 2476 513 velut

330 555 449 627 per
471 546 707 627 qradus
727 543 1020 622 quosdam
1047 546 1116 601 in
1142 543 1561 602 Sacerdotium
1586 546 1901 616 tendatur,
1935 549 2261 607 anathema
2285 553 2386 607 sic.

419 643 520 700 21.
573 641 713 712 Quae
745 636 942 700 verba
966 637 1194 718 singula
1231 638 1378 697 mira
1419 639 1705 721 sapientia
1744 640 1959 701 referta
2001 644 2047 702 si
2090 644 2218 725 quis
2249 654 2475 704 attente

334 733 665 818 perpendat
687 780 703 809 7
733 732 1052 814 intelliget,
1077 735 1158 793 ita
1179 733 1591 794 Tridentinum
1619 733 1949 795 doctrinam
1976 737 2324 797 catholicam
2340 740 2475 798 ‘tra-

334 831 549 891 didisse
571 876 587 904 ,
625 841 692 889 ut
724 840 848 890 *nec
884 829 1144 890 Ecclesiae
1183 852 1383 910 graecae
1405 875 1420 904 .,
1460 852 1568 890 nec
1605 829 1847 893 diversis
1877 831 2207 893 scholarum
2241 834 2473 917 placitis

339 925 644 1009 quidpiam
705 925 1025 987 detraxerit
1056 972 1071 995 ,
1133 947 1243 986 nec
1294 927 1399 985 uni
1458 928 1652 1008 potius
1709 949 1890 1009 quam
1943 926 2112 987 alteri
2171 931 2476 990 sententiae

338 1024 636 1085 adhaerere
681 1023 969 1085 videatur.
1021 1025 1144 1083 Hoc
1183 1024 1345 1083 enim
1390 1046 1579 1083 unum
1621 1024 1891 1085 definivit
1934 1023 2007 1084 de
2051 1024 2165 1085 fide
2209 1046 2371 1101 esse,
2412 1027 2477 1086 in

335 1121 585 1181 Ecclesia
623 1119 902 1180 catholica
942 1131 1157 1203 praeter
1188 1118 1590 1180 Sacerdotium
1634 1119 1775 1179 alios
1819 1141 1943 1179 esse
1976 1120 2226 1180 Ordines
2260 1132 2320 1180 et
2345 1142 2476 1180 ma-

334 1223 491 1297 jores
520 1228 580 1276 et
607 1218 865 1276 minores
888 1262 903 1290 ,
933 1215 1179 1275 minime
1206 1237 1344 1276 vero
1378 1216 1440 1274 10
1470 1227 1614 1297 quot
1635 1216 1751 1275 sint
1774 1227 1833 1276 et
1855 1218 2097 1298 quinam
2125 1217 2245 1276 sint
2266 1263 2282 1291 ,
2311 1217 2380 1275 20
2400 1239 2479 1277 an

337 1334 543 1373 omnes
569 1312 851 1373 divinitus
882 1311 1101 1371 fuerint
1123 1311 1379 1370 instituti
1407 1333 1593 1371 necne
1617 1357 1633 1387 7
1662 1311 1726 1370 30
1747 1333 1826 1370 an
1850 1311 2124 1371 omnibus
2153 1322 2212 1371 et
2236 1312 2478 1392 singulis

331 1412 480 1469 ratio
510 1419 807 1491 competat
828 1408 1191 1467 Sacramenti
1218 1406 1315 1467 vel
1343 1406 1555 1489 quibus
1571 1408 1634 1466 in
1658 1407 1995 1490 particulari
2019 1454 2035 1483 ,
2067 1408 2133 1467 40
2163 1431 2240 1468 an
2273 1430 2478 1469 omnes

330 1527 492 1588 aeque
539 1506 885 1588 imprimant
938 1504 1335 1564 characterem
1357 1550 1372 1579 .,
1424 1502 1489 1561 5⁰
1526 1526 1603 1564 an
1643 1502 1823 1564 iidem
1859 1525 2093 1587 semper
2129 1506 2425 1585 viguerint
2455 1549 2472 1580 ,

335 1625 411 1661 an
440 1601 539 1661 alii
567 1612 871 1683 praeterea.

416 1699 519 1757 22.
570 1699 750 1756 Porro
775 1717 980 1756 omnes
1006 1695 1288 1756 Catholici
1310 1694 1713 1754 consentiunt:
1748 1696 1811 1754 10
1841 1706 2054 1778 praeter
2076 1693 2478 1756 Sacerdotium

336 1795 478 1855 alios
502 1815 628 1854 esse
657 1793 907 1853 Ordines
937 1804 996 1852 et
1021 1796 1269 1870 majores
1296 1802 1356 1852 et
1384 1792 1645 1851 minores
1666 1837 1681 1867 .‚
1713 1791 1873 1874 quod
1894 1791 2038 1852 fides
2063 1791 2230 1852 docet
2256 1817 2272 1866 ς
2305 1792 2374 1850 20
2405 1814 2475 1853 ex

335 1892 428 1950 his
468 1891 918 1971 Episcopatum,
957 1887 1432 1968 Presbyteratum
1473 1898 1535 1946 et
1570 1887 1959 1947 Diaconatum
1990 1887 2273 1948 divinitus
2311 1888 2476 1948 insti-

334 1999 495 2047 tutos
529 2006 689 2058 esse3
727 1984 793 2043 30
823 1982 1267 2063 Presbyteratus
1289 1981 1734 2043 Ordinationem
1775 1984 1899 2045 veri
1926 1983 2185 2043 nominis
2220 2004 2344 2044 esse
2372 1984 2478 2044 Sa-

338 2093 730 2142 cramentum.

418 2180 520 2237 23.
570 2177 935 2236 Dissentiunt
968 2170 1167 2236 autem
1207 2179 1393 2237 Graeci
1428 2199 1461 2236 a
1495 2178 1714 2237 Latinis
1762 2179 1825 2236 10
1848 2166 1998 2237 circa
2033 2175 2326 2236 Ordinum
2360 2197 2476 2235 nu-

339 2295 614 2347 merum3
662 2272 851 2331 Latini
895 2272 1056 2332 enim
1100 2282 1329 2354 septem
1365 2272 1440 2332 ad
1481 2263 1798 2331 minimum
1829 2271 2077 2332 Ordines
2107 2282 2470 2351 agnoscunt:

336 2369 739 2431 Sacerdotium
757 2414 773 2443 7
803 2367 1188 2427 Diaconatum
1210 2414 1226 2444 ‚
1256 2367 1782 2444 Subdiaconatum,
1811 2367 2222 2449 Acolythatum
2244 2413 2260 2442 ,
2293 2368 2477 2426 Exor-

334 2468 608 2526 cistatum
637 2476 697 2524 et
737 2465 1151 2539 Ostiariatum3
1183 2466 1366 2525 Graeci
1395 2488 1535 2527 vero
1568 2466 1804 2525 nonnisi
1829 2477 2080 2551 quatuor
2108 2475 2428 2525 numerant
2455 2487 2470 2523 z

340 2561 743 2623 Sacerdotium
771 2559 1040 2623 videlicet
1059 2605 1076 2633 .,
1104 2563 1486 2621 Diaconatum
1502 2606 1523 2634 ,
1552 2560 2098 2644 Hypodiaconatum
2129 2572 2188 2621 et
2217 2562 2480 2621 Lectora-

337 2654 489 2718 tum.
524 2659 593 2716 20
618 2658 992 2717 Dissentiunt
1023 2658 1238 2718 iterum
1277 2659 1464 2719 Graeci
1499 2680 1532 2718 a
1565 2659 1781 2718 Latinis
1816 2659 1878 2717 in
1915 2679 2013 2733 eo,
2043 2657 2202 2739 quod
2238 2657 2300 2716 hi
2327 2656 2479 2716 Sub-

340 2755 716 2814 diaconatum
763 2754 920 2813 inter
965 2754 1219 2814 Ordines
1269 2761 1555 2834 majores,
1617 2754 1825 2814 saltem
1875 2777 1908 2813 a
1957 2753 2223 2836 pluribus
2271 2751 2476 2811 seculis

341 2860 687 2911 recenseant
706 2894 723 2924 ‚
742 2848 832 2908 illi
854 2871 996 2909 vero
1023 2850 1177 2908 inter
1194 2850 1448 2910 Ordines
1472 2852 1759 2923 minoreS,
1777 2870 1955 2930 quem
1977 2857 2286 2930 propterea
2311 2858 2477 2907 extra

340 2946 742 3007 sanctuarium
773 2945 1112 3017 conferunt,
1146 2945 1393 3027 perinde
1423 2966 1487 3005 ac
1517 2934 1880 3005 lectoratum.

422 3042 527 3102 24.
577 3041 682 3101 Ast
729 3061 922 3122 neque
963 3041 1120 3100 inter
1162 3061 1224 3100 se
1263 3042 1628 3101 conveniunt
1669 3040 1858 3098 Latini
1897 3039 1959 3097 10
1997 3038 2146 3098 circa
2186 3037 2478 3098 Ordinum

340 3159 660 3198 numerum
681 3162 696 3212 ς
724 3136 1040 3197 canonistae
1059 3137 1220 3196 enim
1242 3135 1506 3219 plerique
1528 3181 1543 3211 .,
1573 3136 1902 3217 praesertim
1927 3156 1999 3194 ex
2025 3133 2475 3216 antiquioribuS‚

340 3255 559 3295 novem
581 3255 706 3293 esse
729 3231 1131 3310 contendunt,
1148 3254 1219 3294 eo
1243 3232 1405 3315 quod
1421 3233 1485 3291 in
1507 3231 1597 3290 his
1623 3242 1966 3292 recenseant
1989 3242 2048 3291 et
2065 3218 2478 3315 Episcopatum

339 3341 401 3389 et
436 3329 765 3391 clericalem
804 3341 1145 3406 tonsuram,
1192 3351 1373 3412 quam
1423 3327 1663 3411 quidem
1711 3340 1993 3411 tanquam
2042 3327 2267 3388 nudam
2314 3348 2478 3387 cere-

335 3428 600 3486 moniam
639 3449 706 3487 ac
751 3426 1196 3510 dispositionem
1237 3425 1313 3484 ad
1349 3424 1598 3485 Ordines
1634 3424 1907 3506 Theologi
1941 3424 2330 3483 communiter
2364 3421 2472 3481 ha-

335 3519 503 3580 bent.
557 3524 845 3583 Praeterea
899 3523 967 3581 20
1015 3522 1170 3582 inter
1224 3542 1287 3581 se
1336 3520 1664 3602 disceptant
1714 3532 1911 3578 utrum
1966 3521 2346 3602 Episcopatus
2395 3517 2472 3575 sit

336 3616 497 3676 Ordo
531 3618 723 3700 specie
757 3618 1065 3679 distinctus
1089 3640 1122 3677 a
1156 3616 1602 3699 presbyteratu,
1650 3639 1726 3677 an
1761 3639 1899 3676 vero
1937 3617 2198 3695 ejusdem
2232 3612 2471 3693 Presby-

330 3724 553 3773 teratus
589 3718 827 3795 ejusque
852 3713 1200 3777 characteris
1236 3714 1517 3775 extensio,
1548 3712 1616 3771 30
1647 3714 1989 3793 Disputant,
2026 3723 2224 3772 utrum
2262 3730 2467 3770 omnes
