2612 4146
2170 229 2250 288 25

732 259 800 294 DE
841 256 1333 295 INDULGENTIARUM
1373 252 1635 292 EFFECTU.
1711 284 1713 287 .

132 424 324 461 coram
348 404 468 461 Deo
487 447 502 476 7
532 408 775 482 quaeque
806 399 1189 458 remittuntur
1208 402 1374 475 juxta
1397 394 1673 454 formulas
1699 437 1716 468 7
1742 412 1872 475 quae
1894 392 2033 453 olim
2057 392 2120 451 in
2143 394 2252 452 Ec·-

139 497 310 556 clesia
333 495 676 555 obtinebant
694 540 709 569 7
740 495 871 552 cum
899 494 1086 551 adhuc
1110 493 1329 571 vigeret
1356 489 1699 570 poenitentia
1728 490 2000 574 canonica
2022 533 2038 562 7
2064 509 2254 554 conc.;

141 591 214 650 de
238 592 424 672 poenis
444 589 722 668 injunctis
754 610 856 669 pro
888 587 1009 646 solo
1032 588 1156 644 foro
1173 585 1553 644 ecclesiastico
1574 629 1589 658 7
1620 606 1749 664 neq.
1779 586 2028 666 Recepta
2053 584 2254 664 utique

139 687 357 767 passim
393 697 517 744 erat
551 683 799 743 formula
820 729 834 758 7
871 694 937 741 ut
974 680 1339 758 Indulgentia
1369 678 1783 738 concederetur
1823 679 1896 739 de
1931 679 2121 761 poenis
2158 680 2259 736 in-

134 781 352 859 junctis
383 802 488 861 per
533 780 835 839 canonicas
870 776 1231 846 sanctiones;
1264 773 1399 831 licet
1435 794 1575 832 vero
1615 774 1707 832 hae
1743 776 2030 833 canonicae
2058 774 2258 856 poeni-

142 876 377 946 tentiae7
428 887 494 932 ut
533 875 814 946 diximus7
858 873 921 931 in
965 868 1412 949 desuetudinem
1454 865 1740 939 abierint7
1782 881 2010 928 retenta
2056 880 2257 929 tamen

144 981 233 1028 est
265 969 514 1027 formula
546 969 643 1026 illa
669 967 743 1026 ad
774 961 1207 1045 significandam
1244 961 1647 1020 remissionem
1669 960 1823 1020 illius
1854 964 2218 1043 poenitentiae
2238 1009 2254 1039 7

144 1085 270 1144 quae
301 1064 413 1122 illis
448 1060 840 1122 sanctionibus
877 1057 1261 1139 responderet
1292 1057 1403 1134 (l).
1438 1057 1587 1114 Cum
1627 1077 1766 1114 vero
1794 1057 2255 1134 ostenderimus7

143 1160 516 1240 poenitentias
544 1156 669 1215 illas
700 1155 872 1212 fuisse
908 1175 1042 1214 vere
1087 1151 1493 1211 satisfactorias
1528 1174 1650 1247 non
1695 1151 1884 1210 solum
1919 1174 2112 1212 coram
2153 1156 2261 1213 Ec-

146 1253 347 1327 clesia7
381 1251 482 1315 sed
512 1251 684 1309 etiam
709 1294 724 1321 7
764 1249 882 1306 imo
923 1247 1244 1328 praecipue7
1291 1267 1484 1304 coram
1526 1249 1647 1306 Deo
1666 1289 1688 1318 ,
1725 1246 1873 1305 nihil
1900 1269 1972 1308 ex
2007 1247 2105 1306 illa
2142 1248 2261 1307 for-

146 1346 304 1406 mula
319 1343 564 1404 ¹extundi
574 1355 787 1425 potest7
820 1342 978 1424 quod
992 1343 1459 1401 Jansenistarum
1482 1343 1779 1421 systemati
1801 1342 2011 1403 faveat.
2039 1343 2262 1404 Exinde

146 1441 322 1499 etiam
351 1439 650 1520 responsio
687 1449 851 1521 patet
889 1437 966 1496 ad
999 1437 1059 1495 id
1081 1482 1097 1511 7
1131 1435 1289 1518 quod
1316 1436 1579 1495 subdunt
1603 1436 1920 1497 adversarii
1951 1437 2024 1498 de
2057 1438 2262 1498 Indul-

145 1535 334 1614 gentia
363 1543 576 1613 septem
618 1555 925 1591 annorum
952 1543 1006 1591 et
1033 1534 1576 1613 quadrayenarum
1596 1576 1620 1605 ,
1667 1554 1800 1591 cum
1832 1555 2008 1592 nemo
2043 1533 2262 1593 inficias

146 1641 239 1689 eat
258 1674 274 1702 7
312 1629 705 1708 Indulgentias
724 1673 740 1702 7
783 1629 959 1688 etiam
985 1626 1200 1686 abolita
1235 1628 1582 1708 poenitentia
1605 1632 1879 1687 canonica
1907 1673 1923 1703 7
1963 1650 2261 1693 concessas

147 1725 319 1783 fuisse
342 1722 515 1802 juxta*
539 1723 818 1782 formulas
839 1769 856 1798 7
897 1721 1107 1804 quibus
1131 1719 1449 1803 antiquitus
1473 1743 1663 1804 poenae
1687 1723 1800 1783 illae
1823 1723 2260 1784 relaxabantur.

149 1819 333 1878 Cardo
355 1821 759 1881 controversiae
774 1820 837 1877 in
860 1840 927 1878 eo
957 1818 1218 1878 consistit
1239 1863 1256 1893 7
1291 1830 1491 1877 utrum
1513 1863 1530 1894 7
1557 1840 1689 1878 cum
1706 1842 1897 1902 poenae
1918 1821 2031 1880 illae
2057 1822 2264 1881 remit-

220 1996 283 2060 (l)
318 1995 422 2043 Huc
436 1996 853 2055 revocandumest,
876 1995 1004 2061 quod
1025 1996 1159 2060 paulo
1242 2006 1352 2043 runt
1392 2014 1443 2044 eo
1492 2006 1699 2063 tempore
1736 2002 2013 2063 poenitentiae
2053 1999 2265 2066 redemp-

151 2087 254 2125 ante
289 2078 609 2126 adnotavimus
638 2078 696 2126 de
725 2079 981 2127 canonibus
1011 2082 1159 2143 poeni-
1241 2079 1393 2124 tiones
1424 2115 1438 2138 7
1507 2090 1588 2127 aut
1643 2085 2045 2131 commutationes,
2087 2082 2266 2131 ¹Donec

149 2159 415 2206 tentialibus
430 2198 446 2219 ,
467 2162 550 2225 qui
580 2162 796 2224 temporis
824 2160 1022 2208 decursu
1046 2177 1159 2208 con-
1243 2160 1432 2207 tandem
1454 2196 1466 2221 7
1490 2162 1890 2227 redemptionibus
1911 2182 2162 2213 successere
2184 2164 2265 2211 ln-

150 2242 294 2287 stituti
328 2251 463 2298 sunt,
489 2241 659 2307 quibus
693 2243 944 2307 unicuique
973 2252 1160 2307 peccato
1243 2242 1586 2305 dulgentiarum
1628 2245 1892 2309 largitiones
1923 2264 2001 2310 per
2043 2242 2262 2295 leviorem

151 2322 389 2385 peculiaris
425 2340 556 2388 poena
596 2324 946 2372 decernebatur.
965 2321 976 2326 ³
999 2323 1055 2372 Hi
1085 2341 1163 2372 ca-

152 2419 294 2451 nones
317 2407 366 2451 in
383 2422 530 2452 unum
547 2405 722 2453 collecti
746 2405 875 2453 libris
892 2396 996 2471 7qui
1019 2408 1165 2470 poeni-

156 2485 364 2533 tentiales
377 2487 486 2534 dicti
518 2496 624 2534 sunt
642 2523 667 2546 7>
681 2475 902 2552 originem
917 2488 1163 2537 dederunt.

159 2564 274 2612 Usui
321 2576 473 2614 autem
503 2578 631 2614 erant
673 2570 903 2632 ejusmodi
935 2570 1041 2617 libri
1071 2586 1167 2617 non

159 2646 306 2693 solum
362 2650 409 2695 in
453 2644 730 2695 deliniendis
777 2652 922 2713 poenis
972 2649 1168 2713 publicis

159 2728 342 2792 publice
375 2729 696 2792 peccantibuS,
751 2748 907 2779 verum
939 2734 1082 2778 etiam
1112 2734 1171 2778 'in

157 2811 452 2876 injungendis
485 2813 630 2875 poenis
667 2829 747 2860 seu
789 2812 1171 2860 satisfactionibus

159 2909 240 2956 pro
275 2895 471 2956 peccatis
509 2895 716 2943 occultis.
761 2893 898 2942 Porro
942 2894 1172 2960 ejusmodi

160 2994 301 3042 poenae
329 2995 416 3026 nec
453 2979 572 3028 leves
602 2996 687 3027 nec
732 2978 892 3029 breves
920 2981 1172 3029 admodum

163 3069 289 3106 erant
304 3096 316 3118 7
339 3069 472 3124 prout
486 3063 678 3108 crimina
690 3061 915 3111 ferebant.
936 3061 1175 3110 Interdum

165 3139 222 3185 ad
254 3140 409 3204 plures
425 3160 569 3190 annos
596 3145 879 3208 jejuniorum
907 3181 918 3204 7
952 3146 1175 3194 chameu-

166 3221 377 3281 niarum,
412 3226 832 3287 peregrinationum
854 3263 869 3287 7
918 3237 1013 3288 etc.
1070 3244 1176 3291 pro-

167 3301 488 3355 tendebantur.
527 3305 691 3355 Seculo
726 3325 770 3355 lx
822 3317 866 3356 et
895 3308 1074 3356 duobus
1106 3326 1177 3357 se-

156 3383 418 3448 quentibus
451 3399 680 3452 coeperunt
712 3407 864 3454 graves
895 3390 984 3437 illae
1015 3407 1177 3454 corpo-

171 3468 232 3512 ris
274 3466 586 3518 afflictationes
629 3471 791 3520 redimi
839 3490 921 3536 per
962 3475 1180 3538 pecunias

169 3548 449 3612 pauperibus
485 3551 657 3600 alendis
702 3542 986 3620 erogandas,
1035 3567 1180 3605 certas

169 3646 320 3693 preces
341 3667 352 3685 ‚
371 3629 597 3680 Sacrificia
620 3634 783 3692 Missas,
803 3648 891 3685 etc.
922 3648 1001 3685 aut
1029 3641 1167 3686 etiam

170 3729 247 3776 per
280 3715 618 3780 flagellationes·
651 3716 770 3766 Hinc
793 3719 995 3769 celebres
1017 3738 1170 3770 evase-

1246 2325 1399 2373 adhuc
1438 2328 1501 2390 pii
1530 2327 1725 2390 alicujus
1751 2332 1896 2392 operis
1934 2331 2259 2376 commutatio-

1248 2425 1380 2468 nem,
1403 2410 1557 2457 seculo
1579 2414 1824 2474 praesertim
1845 2429 1909 2459 xn
1931 2449 1944 2472 7
1966 2414 2150 2476 quando
2171 2429 2265 2460 οω-

1254 2502 1419 2554 perunt
1442 2491 1760 2555 expeditiones
1785 2497 1834 2539 in
1855 2503 2020 2547 terram
2038 2503 2260 2541 sanctam.

1250 2572 1588 2631 Cir-Morinos,
1618 2572 1696 2620 De
1718 2570 1898 2621 Poenit.
1913 2574 1996 2621 lib.
2014 2592 2063 2634 x,
2082 2591 2184 2639 cap.
2209 2591 2264 2642 ι’]

1253 2662 1421 2718 etseq.
1456 2652 1523 2702 Ex
1559 2652 1635 2701 his
1671 2655 1804 2702 facile
1840 2656 2129 2722 explicantur
2171 2657 2267 2704 for-

1253 2735 1389 2782 mulae
1412 2753 1463 2783 ex
1493 2751 1544 2783 ea
1578 2738 1867 2799 potissimum
1898 2747 2026 2785 aetate
2053 2748 2263 2803 receptae7

1254 2818 1425 2883 quibus
1468 2817 1674 2865 Conciiia
1714 2828 1758 2867 et
1804 2819 2047 2866 Pontifices
2098 2823 2268 2883 passim

1254 2902 1326 2948 usi
1355 2909 1462 2947 sunt
1490 2903 1539 2947 in
1561 2901 1795 2966 largitione
1820 2900 2219 2964 Indulgentiarum
2251 2939 2264 2962 7

1255 2982 1427 3047 quibus
1441 2982 1710 3051 alludebant
1726 2985 2010 3047 apertissime
2028 2984 2085 3031 ad
2114 3001 2269 3047 poenas

1207 3122 1209 3124 Υ
1255 3064 1356 3112 illas
1375 3066 1605 3129 injunctas
1634 3068 1684 3113 in
1703 3065 1832 3113 libris
1847 3065 2236 3130 poenitentialibns
2252 3102 2266 3125 7

1257 3162 1360 3210 quae
1417 3145 1738 3195 Sacerdotibus
1797 3147 2107 3195 confessiones
2146 3150 2270 3195 exci-

1257 3227 1494 3292 pientibus
1538 3226 1683 3293 legem
1731 3246 1810 3276 seu
1844 3245 2055 3276 normam
2085 3227 2265 3292 praebe-

1258 3309 1371 3358 bant
1395 3310 1450 3356 ad
1485 3327 1640 3374 poenas
1661 3310 1970 3376 injungendae
1999 3312 2136 3357 etiam
2154 3327 2263 3374 pec·

1259 3392 1488 3439 catoribus
1528 3393 1749 3450 occultis.
1779 3391 1905 3440 Patet
1948 3401 2166 3455 praeterea
2205 3409 2263 3440 ex

1261 3476 1393 3523 dictis
1412 3513 1426 3536 7
1460 3494 1552 3542 qua
1573 3478 1747 3524 ratione
1759 3477 1897 3523 etiam
1928 3487 2027 3540 post
2044 3477 2267 3525 abolitum

1261 3561 1537 3620 poenitentiae
1583 3559 1811 3605 canonicae
1844 3576 1980 3605 nsum
2020 3558 2173 3607 adhuc
2209 3569 2270 3606 ta·

1256 3662 1365 3692 men
1409 3643 1793 3707 perseveraverint
1833 3642 2047 3689 formulae
2093 3641 2180 3689 illae
2220 3644 2272 3688 in

1256 3726 1652 3791 Indulgentiarum
1682 3726 1994 3774 concessione.
