2508 4120
310 81 430 142 350

920 100 1247 138 TRAGTATUS
1289 99 1357 136 DE
1403 97 1780 139 iuramento·

311 245 526 306 verint.
556 246 680 301 1m0
720 261 787 299 eo
832 261 1016 322 usque
1068 241 1355 322 progressi
1390 250 1565 314 sunt,
1610 251 1676 299 ut
1703 241 1991 323 suspicere
2028 247 2309 327 coeperint
2331 250 2423 324 jus

310 337 655 400 canonicum
697 333 1124 395 Catholicorum
1143 381 1160 411 ,
1195 333 1457 418 illudque
1486 356 1589 395 ceu
1620 357 1889 395 normam
1926 337 1988 396 in
2017 339 2198 397 causis
2221 341 2426 400 matri-

312 429 662 493 monialibus
698 429 1084 508 dijudicandis
1121 429 1196 489 ad
1247 430 1438 489 forum
1474 452 1646 490 suum
1683 431 2128 491 ecclesiasticum
2167 432 2428 495 derivare

312 525 645 586 studuerint
678 525 786 606 (1).
831 528 980 585 Hinc
1021 525 1375 585 Beohmerus
1419 524 1679 586 scribere·
1714 547 1833 585 non
1871 526 2163 591 dubitavit
2211 549 2225 585 t
2273 529 2430 588 Adeo

310 644 507 682 causae
531 624 1011 682 matrimoniales
1034 624 1120 681 ad
1142 625 1497 681 consistoria
1517 633 1721 682 nostra
1741 633 2042 703 spectant,
2071 634 2143 682 ut
2164 625 2433 683 doctrina

293 720 471 798 juris
496 718 804 797 pontificii
844 721 1130 776 universa
1174 718 1244 776 de
1279 718 1392 776 hac
1433 722 1694 776 materia
1726 722 1855 797 fere
1902 729 2132 799 recepta
2169 722 2320 778 sit...
2363 730 2438 779 ut

312 813 632 892 nequidem
662 815 1059 892 maqistratus
1083 815 1371 872 secularis
1386 834 1508 892 per
1535 815 1778 873 modum
1794 818 2216 893 praeventionis
2253 816 2323 874 de
2341 819 2435 894 jis

322 929 658 989 coquoscere
679 918 929 987 queat...
957 908 1220 988 proinde
1253 912 1496 987 quaestio
1522 912 1893 990 principalis
1915 911 2152 969 tamdiu
2184 931 2437 990 suspen«

313 1003 546 1077 denda,
600 1004 781 1063 donec
830 1004 899 1062 de
942 1025 1129 1062 causa
1178 1005 1485 1062 natalium
1524 1009 1596 1063 in
1639 1008 1774 1084 foro
1813 1007 2195 1064 ecclesiastico
2235 1008 2435 1083 fuerit

314 1103 620 1181 coynilum
661 1099 772 1181 (2).
819 1100 984 1158 Hanc
1028 1097 1299 1159 eamdem
1343 1100 1698 1159 sententiam
1743 1100 2040 1180 Anglicani
2090 1111 2425 1175 sectantur,

316 1195 585 1277 quamvis
625 1216 729 1253 suo
788 1195 909 1274 regi
955 1193 1221 1254 tribuant
1264 1189 1694 1278 proprietatem
1735 1196 2013 1278 Principis
2068 1216 2171 1256 seu
2225 1196 2429 1278 capitis

314 1291 582 1351 Ecclesiae
613 1290 725 1373 (3).
762 1292 881 1350 Nec
914 1291 1131 1350 mirum
1152 1335 1168 1364 .,
1212 1311 1344 1350 cum
1381 1290 1477 1352 vel
1513 1290 1762 1368 ethnici,
1800 1291 1924 1374 ipso
1958 1301 2180 1350 naturae
2212 1290 2435 1350 lumine

316 1385 477 1446 ducti
501 1431 517 1462 ,
559 1387 1001 1447 Matrimonium
1034 1398 1317 1467 tanquam
1349 1408 1477 1446 rem
1504 1408 1726 1447 sacram
1755 1385 2102 1461 habuerint,
2138 1397 2197 1446 et
2234 1387 2435 1448 Sacer·

319 1480 555 1542 dotibus
585 1481 964 1561 judicandam
993 1481 1335 1563 reliquerint
1369 1481 1483 1562 (4).

399 1576 541 1636 258.
587 1577 783 1637 Altera
818 1577 1228 1659 propositionis
1261 1598 1393 1658 pars
1436 1597 1507 1636 ex
1545 1576 1724 1657 priori
1755 1575 1906 1635 fluit.
1948 1576 2177 1636 Etenim
2205 1577 2253 1635 si
2290 1577 2438 1635 ratio

318 1670 682 1732 Sacramenti
709 1716 727 1746 ‚
751 1671 1046 1732 inhaerens
1079 1672 1399 1731 contractui
1421 1670 1672 1731 naturali
1701 1692 1773 1731 ex
1795 1670 2010 1730 Christi
2030 1671 2396 1731 institutione
2419 1715 2436 1746 .,

393 1949 465 2012 (l)
500 1948 554 1996 Id
587 1944 868 1996 nominatim
889 1947 1064 1996 factum
1088 1957 1158 1996 est
1181 1949 1232 1995 in
1253 1946 1350 1994 Or·
1421 1947 1559 2013 juris
1604 1946 1977 1997 matrimonialis
2004 1947 2195 2013 forma,
2244 1947 2445 1997 Berolini

320 2032 439 2081 dine
453 2029 716 2096 requlativo
729 2027 959 2079 Ecclesiae
976 2030 1353 2078 Brunsvicensis

327 2132 385 2164 ac
425 2112 854 2174 Lunenburqensis
900 2129 978 2159 an.
1032 2108 1161 2177 1569
1202 2111 1350 2174 (cfr.

328 2195 523 2261 Willig„
538 2192 589 2242 A
591 2210 745 2258 uszuq
760 2192 843 2241 der
855 2191 1270 2257 Charsiirstlichen
1285 2191 1350 2239 B.

330 2276 390 2328 L.
413 2275 841 2342 Landesqesetzen,
864 2294 946 2325 seu
970 2274 1194 2342 Epitome
1213 2276 1352 2342 juris

330 2359 639 2409 territorialis
695 2367 907 2407 statuam
966 2357 1287 2405 electoralium
1333 2395 1347 2417 ‚

331 2443 537 2508 Gotting.
568 2440 713 2507 1780.
731 2443 748 2505 )
769 2457 784 2503 ;
812 2443 922 2489 item
942 2442 992 2488 in
1006 2438 1346 2504 Requlame‘nto

331 2524 659 2575 consistoriali
678 2522 1073 2587 Brandeburqico
1096 2540 1174 2570 an.
1204 2538 1219 2568 1
1233 2518 1349 2587 753.

330 2607 432 2657 cfr.
464 2610 606 2657 etiam
641 2606 796 2672 quoad
833 2604 1011 2654 annum
1050 2604 1352 2670 subsequent-

332 2690 527 2739 Novum
560 2705 731 2756 corpus
754 2689 941 2737 constit.
973 2686 1375 2746 Prasso-Bran-⁴

338 2772 624 2838 deburqens.
659 2773 907 2837 praecipue
954 2767 1317 2818 Marclzicarum
1336 2806 1349 2827 ‚

333 2856 449 2906 edit.
480 2871 510 2903 α
535 2893 549 2915 ‚
587 2855 785 2903 Berolini
825 2850 953 2919 1764
979 2868 994 2915 3
1022 2869 1107 2901 nec
1130 2869 1223 2899 non
1251 2851 1354 2899 An·

333 2938 478 2988 nalen
532 2938 613 2986 des
645 2936 964 2986 katholischen
982 2972 998 2998 ,
1039 2936 1354 3001 prolestami-

334 3021 478 3070 schen
525 3020 630 3070 und
651 3018 919 3086 jiidisclien
951 3016 1320 3066 Kirchenrechts
1337 3053 1351 3076 ‚

335 3121 429 3154 von
446 3103 659 3169 Lippert‚
691 3119 710 3151 1
731 3101 860 3154 Heft.
889 3117 967 3149 seu
986 3102 1033 3149 A
1039 3099 1206 3148 nnales
1209 3117 1238 3166 J
1248 3101 1354 3148 uris

334 3183 648 3234 ecclesiastici
672 3181 895 3239 catholici
916 3219 929 3241 ‚
951 3183 1286 3246 protestantici
1310 3189 1355 3229 et

323 3267 544 3333 judaici,
560 3268 674 3317 fasc.
691 3284 725 3328 i,
745 3284 850 3332 pag.
866 3262 927 3313 25
943 3274 989 3314 et
1002 3264 1351 3330 seqq.Francof.

329 3351 398 3400 -ad
419 3348 754 3400 Moenum1831
769 3384 783 3398 .
802 3347 937 3414 Quod
956 3346 1126 3395 mirum
1141 3364 1235 3395 esse
1254 3365 1351 3395 non

330 3433 507 3493 debet,
554 3451 661 3483 cum
679 3471 693 3493 ‚
742 3441 854 3481 teste
884 3438 1069 3479 auctore
1088 3430 1186 3495 ipso
1216 3439 1365 3493 prote-

341 3524 486 3565 stante
526 3514 671 3564 libelli
706 3532 720 3564 :
764 3512 898 3564 Uber
922 3511 1003 3561 die
1033 3511 1221 3576 heutiqe
1260 3509 1355 3560 Ge-

341 3595 449 3645 stalt
461 3595 541 3644 des
567 3594 614 3643 E
618 3595 851 3644 heredites
873 3631 888 3658 ‚
916 3612 996 3644 seu
1025 3593 1100 3642 De
1128 3593 1358 3642 hodierna

1445 2026 1570 2078 1833
1600 2066 1613 2090 ,
1648 2046 1751 2096 pag.
1803 2028 1836 2078 8
1867 2040 1912 2079 et
1942 2047 1976 2097 9
2001 2068 2014 2091 ‚
2060 2030 2288 2079 Lutherus
2316 2032 2443 2095 ipse,

1437 2113 1518 2177 qui
1552 2128 1740 2159 omnem
1770 2110 1827 2159 de
1859 2111 2271 2161 matrimonialibus
2299 2114 2445 2160 causis

1437 2195 1747 2256 cognitionem
1762 2192 2054 2258 Principibus
2076 2193 2323 2252 asserebat,
2349 2211 2446 2242 non

1419 2273 1713 2340 'dubitaverit
1738 2284 1891 2323 tamen
1925 2277 2019 2340 ipse
2047 2278 2186 2324 etiam
2215 2277 2265 2323 in
2284 2274 2448 2324 iisdem

1437 2358 1619 2421 propria
1647 2359 1913 2406 auctoritate
1947 2360 2217 2406 sententiam
2252 2357 2402 2406 dicere
2430 2395 2445 2417 ‚

1438 2439 1633 2502 perinde
1657 2456 1710 2489 ac
1734 2441 1770 2487 si
1799 2450 1951 2488 essent
1977 2457 2123 2489 causa}
2161 2457 2284 2489 mere
2312 2441 2448 2505 spiri-

1437 2520 1586 2568 tuales
1613 2531 1657 2569 et.
1673 2521 2003 2571 ecclesiasticae.
2019 2522 2118 2571 Cfr.
2152 2522 2450 2588 Roskovany‚

1437 2619 1516 2666 op.
1551 2604 1633 2652 cit.
1663 2602 1743 2651 De
1783 2604 2006 2652 Matrim.
2038 2604 2095 2654 in
2126 2604 2349 2654 Ecclesia
2364 2620 2447 2653 ca-

1437 2683 1546 2732 thol.
1571 2682 1599 2750 ἐ
1626 2685 1676 2733 3.

1508 2767 1572 2831 (2)
1608 2766 1726 2816 Jur.
1752 2767 1913 2817 eccles.
1940 2766 2228 2818 Protestant.
2257 2780 2369 2817 tom.
2391 2784 2443 2829 ιι,

1439 2853 1511 2898 tit.
1546 2866 1575 2898 2
1598 2885 1612 2909 ,
1641 2847 1694 2914 §§
1717 2847 1800 2908 25,
1836 2846 1916 2911 26,
1943 2866 2025 2916 27.

1507 2930 1576 2994 (3)
1614 2928 1710 2977 Cfr.
1737 2947 1815 2995 op.
1849 2933 1925 2978 cui
1957 2934 2034 2978 tit.
2077 2927 2131 2979 Il
2158 2931 2359 2979 Peccata
2394 2935 2450 2979 in

1444 3011 1693 3077 Reliqione
1743 3028 1768 3059 e
1826 3013 1882 3059 in
1925 3011 2077 3077 loqica
2121 3012 2250 3077 deqli
2290 3015 2383 3061 atti
2424 3030 2450 3062 e

1438 3094 1614 3143 decreti
1647 3093 1724 3141 del
1752 3093 1952 3142 concilio
1986 3094 2237 3144 diocesano
2260 3095 2314 3143 di
2331 3095 2449 3143 Pis-

1435 3179 1532 3243 tqja
1556 3214 1569 3236 ‚
1597 3194 1699 3242 cap.
1734 3177 1829 3237 28,
1863 3194 1966 3242 pag.
2001 3174 2098 3225 328
2129 3188 2311 3243 etseqq.

1505 3261 1572 3324 (h)
1604 3259 1684 3309 Sic
1715 3259 1869 3309 scribit
1900 3260 2131 3310 Deodatus
2148 3263 2197 3309 in
2225 3263 2359 3325 epist.
2374 3262 2448 3308 cit.

1435 3345 1493 3392 ad
1505 3354 1727 3394 antecess.
1746 3343 2127 3410 Taurinensem‚§
2147 3360 2224 3410 17,
2243 3360 2343 3408 pag.
2365 3358 2449 3391 21:

1446 3425 1683 3476 Nationes
1708 3442 1869 3474 omnes
1882 3424 2157 3490 mutilium,
2187 3424 2448 3492 AEyyptio-

1438 3527 1549 3564 rum
1574 3526 1770 3576 nempe,
1812 3507 2090 3559 Graecorum
2123 3524 2180 3557 ac
2211 3508 2446 3557 Romano-

1440 3610 1549 3642 rum
1566 3630 1581 3654 ,
1612 3609 1795 3642 necnon
1820 3591 1931 3642 aliae
1962 3609 2096 3641 nunc
2111 3593 2254 3642 etiam
2284 3589 2444 3640 viven-
