2508 4120
319 125 438 184 278

897 140 1217 179 TRACTATUS
1262 140 1329 176 DE
1371 138 1749 178 MA'rmmomo.

324 289 538 349 mirum
568 305 716 356 esse,
737 284 783 341 si
801 282 1072 341 nonnulli
1094 284 1294 341 Patres
1319 280 1668 342 solutionem
1691 293 1933 364 propter
1959 285 2309 350 adulterium
2334 290 2434 349 ad-

323 384 558 443 mittere
595 377 900 453 videntur,
949 400 1083 437 cum
1121 376 1524 459 perdifficilem
1561 378 1941 458 quaestionem
1979 396 2243 460 agerent,
2275 407 2434 444 non-

323 479 466 536 dum
495 477 562 534 iis
587 474 950 557 temporibus
985 471 1318 557 expeditam
1340 520 1355 550 ,
1385 495 1493 534 nec
1530 473 1653 534 ullo
1682 474 1874 534 adhuc
1909 476 2171 538 Ecclesiae
2204 482 2435 544 univer·

322 572 456 632 salis
493 571 711 651 judicio
757 570 1151 653 explanatam.
1207 573 1398 644 Quare
1438 572 1561 652 ipse
1610 572 1669 631 S.
1706 570 2060 651 Augustinus
2090 617 2106 647 ,
2161 573 2236 634 de
2280 582 2437 655 cujus

322 668 614 728 sententia
649 665 904 725 dubitari
932 667 1138 750 nequit
1158 712 1173 740 .,
1212 667 1275 724 in
1303 665 1408 725 lib.
1447 667 1539 725 De
1556 667 1690 744 fide
1711 676 1767 725 et
1787 669 2095 746 operibus,
2123 668 2199 727 ita
2223 669 2440 730 Scribe-

322 761 427 821 bat
461 785 475 821 :
508 764 590 823 In
624 766 775 842 ipsis
801 762 1032 821 divinis
1057 766 1361 821 sententiis
1389 764 1478 820 ita
1503 763 1825 821 obscurum
1854 773 1967 833 est,
1996 774 2208 823 utrum
2237 774 2291 823 et
2315 769 2441 836 iste,

322 862 432 917 eui
452 859 694 937 quidem
725 862 857 917 sine
886 859 1070 917 dubio
1099 858 1441 916 adulteram
1464 859 1598 916 lieet
1617 858 1955 930 dimittere,
1985 860 2224 919 adulter
2244 871 2443 921 tamen

324 955 653 1023 habeatur,
683 956 743 1012 si
770 955 1025 1013 alteram
1049 954 1330 1024 ducrerit,
1363 963 1462 1021 ut,
1488 962 1787 1032 quantum
1807 958 2109 1026 existima,
2131 957 2445 1016 venialiter

323 1053 422 1111 ihi
442 1054 692 1131 quisque
725 1053 990 1129 fallatur
1018 1050 1130 1131 (1).
1160 1051 1245 1109 Ex
1278 1070 1393 1131 quo
1428 1061 1625 1109 autem
1653 1049 1977 1110 Concilium
2007 1051 2442 1129 Florentinum,

324 1168 426 1207 seu
466 1146 755 1227 Eugenius
804 1148 912 1222 IV,
953 1147 1017 1204 in
1058 1148 1348 1206 Instruet.
1402 1147 1805 1205 Armenorum
1843 1145 1910 1226 (2
1949 1192 1965 1222 ,
2022 1158 2082 1207 et
2118 1148 2445 1230 praesertim

325 1241 648 1302 Concilium
686 1241 1100 1303 Tridentinum
1134 1252 1333 1324 aperte
1355 1241 1686 1301 docuerunt
1701 1285 1723 1314 ,
1758 1242 2193 1302 Matrimonium
2218 1243 2282 1302 in
2319 1244 2446 1325 ipso

326 1337 597 1398 adulterii
623 1360 757 1398 casu
794 1338 1108 1399 insolubile
1135 1359 1258 1398 esse
1281 1383 1297 1413 ,
1327 1342 1451 1417 jam
1476 1337 1672 1397 nullus
1701 1337 1797 1398 vel
1823 1338 2101 1398 minimus
2136 1337 2445 1399 dubitandi

324 1432 483 1492 locus
510 1456 632 1494 esse
661 1446 855 1516 potest
892 1434 1005 1514 (3).
1926 1501 1933 1510 ι

414 1528 551 1586 145.
602 1529 690 1587 Ad
728 1531 845 1603 2¹¹¹,
885 1533 1046 1590 Dist.
1085 1528 1382 1587 Nonnulla
1416 1528 1671 1587 Concilia
1704 1550 1770 1588 ac
1804 1529 2210 1589 Poenitentiale
2239 1532 2445 1589 Roma-

327 1645 472 1682 num
505 1635 856 1705 potestatem
896 1625 1114 1683 faciunt
1136 1625 1361 1704 conjugi
1390 1625 1723 1701 innocenti,
1768 1636 1833 1683 ut
1864 1626 2078 1684 iterum
2102 1625 2288 1685 nubat
2313 1637 2446 1708 post

327 1716 553 1778 obitum
587 1721 844 1800 conjugis
881 1719 1128 1778 adulteri
1150 1765 1165 1788 .
1202 1721 1295 1779 cui
1323 1725 1491 1797 juxta
1526 1720 1878 1781 severiorem
1918 1720 2070 1779 illius
2107 1722 2292 1780 aetatis
2326 1720 2448 1780 dis-

329 1812 609 1894 ciplinam
657 1814 718 1872 id
763 1837 885 1873 non
933 1813 1395 1889 concedebatur,
1444 1836 1648 1884 eone.,·
1691 1816 1929 1876 vivente
1973 1816 2164 1875 adhuc
2208 1821 2451 1898 conjuge

329 1907 615 1982 adultem,
641 1931 771 1990 neq.
795 1909 860 1968 Id
875 1909 1163 1989 colligitur
1178 1930 1249 1968 ex
1272 1909 1447 1969 Conc.
1464 1909 1840 1988 Forojuliensi
1863 1933 1927 1970 ac
1949 1910 2317 1971 Triburcensi
2336 1911 2447 1992 (4),

329 2014 458 2063 tum
500 2026 569 2063 ex
609 2005 666 2064 S.
691 2007 881 2065 Leone
915 2006 980 2063 in
1027 2005 1199 2086 epist.
1238 2005 1312 2065 ad
1346 2006 1646 2064 Rusticum
1701 2006 2144 2066 Narbonensem
2188 2008 2279 2087 (5)
2309 2053 2325 2081 ,
2379 2028 2449 2066 ex

334 2098 545 2179 quibus
581 2111 743 2180 patet
765 2145 780 2175 ,
823 2122 950 2159 eam
982 2099 1349 2181 disciplinam
1386 2099 1524 2158 olim
1562 2101 1809 2179 viguisse
1831 2147 1846 2176 ,
1885 2122 2011 2182 quae
2031 2101 2449 2160 nonnullorum

338 2349 532 2381 munem
562 2332 823 2379 doctrinam
845 2335 1065 2397 sequitur.
1098 2332 1195 2380 Gfr.
1214 2335 1349 2380 etiam

339 2415 489 2464 Collet
518 2433 595 2479 op.
618 2417 697 2463 cit.
715 2433 767 2463 n.
797 2413 890 2480 194
921 2425 1074 2481 etseq.
1100 2415 1213 2480 Quae
1232 2416 1351 2463 dicta

335 2510 441 2549 sunt
470 2500 526 2547 de
546 2498 595 2548 S.
620 2498 809 2561 Basilio,
829 2499 1167 2546 accommodari
1184 2500 1353 2563 pariter

339 2582 510 2631 debent
535 2581 586 2630 S.
626 2581 887 2646 Epiphanio
910 2619 922 2641 ,
974 2582 1031 2629 de
1062 2599 1156 2647 quo
1184 2583 1353 2647 pariter

339 2667 424 2714 cfr.
452 2675 657 2714 auctores
680 2668 779 2713 citt.

410 2748 477 2811 (l)
515 2747 630 2812 Cap.
671 2763 763 2813 19,
796 2765 849 2797 11.
886 2746 968 2796 35.

410 2830 474 2894 (2)
512 2828 647 2894 Apud
662 2828 889 2876 Harduin.
914 2827 1041 2875 Acta
1059 2826 1230 2888 Cone„
1263 2838 1350 2876 etc.

341 2924 456 2961 tom.
488 2929 553 2971 lx,
580 2910 668 2959 col.
690 2907 809 2973 440.

414 2992 477 3057 (3)
517 2993 616 3041 Cfr.
664 3007 767 3057 quae
822 2991 1037 3039 adversus
1091 2990 1354 3056 Launojum

338 3076 498 3125 scribit
531 3073 728 3123 Leullier
751 3111 764 3134 ,
809 3091 887 3137 op.
928 3076 1002 3120 cit.
1027 3071 1223 3120 Observ.
1267 3089 1315 3119 ιν
1338 3110 1350 3132 ,

340 3157 367 3224 §
398 3175 456 3206 10
484 3168 527 3206 et
549 3172 676 3222 seq.;
702 3173 789 3204 nec
812 3158 936 3205 enim
956 3158 1125 3204 veritus
1145 3165 1210 3203 est
1233 3154 1354 3203 Lau-

341 3244 479 3307 nojus
510 3257 618 3288 cum
648 3249 850 3305 apostata
877 3238 1130 3302 Spalatensi
1152 3275 1165 3297 ,
1194 3236 1261 3285 M.
1292 3236 1349 3285 A.

338 3320 411 3369 De
433 3321 648 3369 Dominis
663 3357 677 3381 ,
693 3331 794 3369 tum
811 3321 1046 3368 decretum
1060 3318 1255 3382 Eugenii
1284 3335 1357 3378 iv,

339 3413 443 3451 tum
472 3420 697 3452 canonem
736 3403 1064 3452 Tridentinum
1096 3419 1278 3466 carpere
1312 3412 1356 3449 et

344 3485 572 3534 vellicare.

410 3568 477 3630 (la)
514 3563 773 3616 Concilium
808 3567 1119 3634 Forojuliense
1145 3565 1346 3613 celebra-

1436 2350 1559 2381 anno
1585 2331 1705 2401 895.
1743 2334 1882 2383 Porro
1909 2336 2028 2385 illud
2059 2354 2166 2385 can.
2201 2356 2228 2384 x
2266 2338 2450 2384 statuit:

1445 2414 1544 2475 Ut,
1583 2415 1782 2465 resoluto
1807 2417 2152 2482 fhruicatz'onis
2195 2435 2342 2467 causa
2366 2420 2455 2484 ju-

1431 2496 1535 2562 9ali
1550 2498 1745 2547 vinculo
1763 2535 1776 2558 ‚
1793 2516 1891 2547 non
1915 2499 2058 2549 liceat
2072 2502 2174 2548 viro
2191 2539 2203 2560 ‚
2219 2499 2456 2566 quamdiu

1434 2579 1653 2629 adultera
1676 2583 1799 2629 vivit
1816 2620 1829 2643 ‚
1862 2582 2011 2630 aliam
2035 2600 2230 2631 uxorem
2257 2582 2449 2643 ducere,

1436 2661 1546 2709 licet
1575 2663 1641 2709 sit
1674 2662 1763 2710 illa
1792 2663 2009 2711 adultera
2024 2683 2047 2723 ;
2078 2664 2162 2711 sed
2189 2679 2276 2711 nec
2310 2662 2452 2710 adul-

1437 2752 1549 2791 teroe
1572 2779 1589 2804 ,
1634 2761 1742 2807 quoe
1789 2761 1963 2809 peenas
2013 2745 2324 2809 qravissimas
2379 2744 2453 2793 vel

1430 2823 1726 2889 penitentia}
1764 2833 2046 2873 tormentum
2103 2825 2229 2873 luere
2275 2825 2404 2874 debet
2434 2864 2447 2886 ,

1438 2905 1594 2952 alium
1624 2908 1839 2972 accipere
1870 2909 2031 2954 virum
2055 2945 2068 2967 ‚
2111 2924 2198 2955 nec
2227 2917 2411 2956 mortuo
2433 2945 2446 2969 ‚

1437 3003 1574 3051 quem
1615 3004 1715 3035 ‘non
1765 2988 1959 3037 erubuit
1995 2988 2314 3053 defraudare,
2344 3007 2448 3038 ma-

1436 3070 1547 3117 rito.
1584 3070 1717 3134 Apud
1746 3070 1891 3120 Hard.
1928 3082 2037 3119 10111.
2068 3089 2131 3132 1v,
2155 3072 2245 3120 col.
2278 3069 2379 3138 859
2409 3081 2451 3119 et

1435 3169 1534 3218 seq.
1576 3152 1707 3200 Istud
1752 3171 1858 3202 vero
1902 3170 2006 3202 can.
2047 3171 2161 3201 xtm
2192 3173 2203 3201 :
2235 3152 2447 3214 Mulier,

1436 3251 1540 3300 quoe
1564 3244 1752 3282 tantum
1791 3235 1928 3301 nefas
1955 3239 2286 3298 commiserat,
2333 3236 2450 3283 ulte-

1436 3320 1542 3365 rius
1563 3319 1826 3383 poeniteat,
1858 3326 1997 3383 atque
2020 3319 2266 3367 continens
2299 3326 2342 3364 et
2367 3319 2448 3365 in-

1437 3408 1589 3464 nupta
1604 3408 1947 3465 permaneat...
1964 3400 2083 3449 Ibid.
2109 3412 2223 3449 tom.
2251 3416 2294 3447 vn
2314 3435 2330 3462 ,
2350 3398 2441 3446 col.

1438 3480 1557 3545 453.

1500 3565 1562 3629 (5)
1600 3566 1708 3631 Quae
1732 3569 1780 3614 in
1806 3567 1915 3614 edit.
1935 3565 2154 3615 Ballerin.
2184 3573 2247 3612 est
2274 3579 2440 3621 cuvn,

339 3659 441 3698 tum
478 3660 542 3698 cst
585 3668 707 3697 anno
750 3665 839 3715 791
866 3687 879 3709 ‚
915 3647 1210 3697 Triburiense
1241 3666 1346 3696 vero
1430 3649 1490 3713 in·
1505 3666 1624 3712 resp.
1654 3649 1712 3696 ad
1736 3650 2023 3714 inquisition.
2049 3663 2126 3695 xm
2147 3646 2267 3709 ,col.
2295 3643 2440 3708 1425.
