2508 4120
300 108 417 168 192

1009 125 1335 166 TRACTATUS
1378 128 1447 164 DE
1489 126 1713 166 Onnum.

298 273 493 333 lorum
521 271 730 342 turba3
773 270 837 327 9⁰
867 280 956 327 est
984 280 1073 328 tot
1103 270 1412 329 hominum
1446 269 1727 329 naturalis
1757 270 1981 332 indoles
2001 318 2018 349 ‚
2047 277 2149 357 qui
2175 276 2416 334 austeris

296 372 443 431 adeo
471 366 732 428 moribus
761 366 991 449 praediti
1030 379 1171 426 sunt
1198 380 1255 427 et:
1283 369 1416 427 vitae
1448 369 1753 428 severitate
1775 414 1790 443 ⁷
1827 380 1893 426 ut
1927 389 2071 449 aegre
2103 372 2419 433 admodum

297 464 587 547 garrulam
613 484 856 522 uxorem
880 464 1029 523 ferre
1051 465 1277 546 possint
1296 511 1311 538 7
1346 475 1403 523 et
1426 464 1745 523 liberorum
1772 463 2017 543 ejulatus
2039 476 2098 524 et
2121 466 2418 528 clamores·

298 563 435 633 Quae
461 580 593 617 cum
624 560 703 617 ita
729 560 866 636 sint,
899 561 1115 618 mirum
1144 571 1249 630 est,
1276 559 1764 642 pseudopoliticos
1793 562 1903 619 uni*
1921 560 2298 621 ecclesiastico
2323 583 2422 622 cae-

294 655 505 715 libatui
524 655 848 716 adscribere
869 703 884 733 7
910 657 1068 739 quod
1086 680 1118 717 a
1136 670 1222 717 tot
1245 658 1369 718 aliis
1387 658 1571 718 causis
1598 658 1821 739 pendet
1843 703 1858 733 7
1892 670 1950 718 et
1974 680 2117 741 quas
2145 660 2269 740 ipse
2300 659 2422 720 fuse

295 754 668 835 prosequitur
705 752 1078 834 Filangierius
1111 756 1219 836 (1).

366 986 432 1050 (l)
468 978 680 1037 Scienza
711 983 834 1032 della
863 983 1170 1049 Ieyislazione
1188 1024 1205 1046 ,
1238 984 1323 1034 lib.
1400 1002 1498 1050 pra
1533 982 1626 1033 108
1645 1022 1658 1043 ,
1687 1001 1718 1032 a
1748 980 1948 1034 Berlino
1978 1003 2076 1035 uno
2116 1005 2258 1053 sopra
2301 1005 2317 1036 1
2335 1005 2392 1037 10
2414 1037 2429 1059 ‚

299 1086 335 1117 n
357 1106 370 1130 ‚
405 1085 432 1116 a
457 1086 558 1134 cap.
602 1085 619 1115 1
654 1068 711 1116 ad
731 1086 833 1133 cap.
865 1066 897 1115 8
925 1069 1168 1118 inclusive.
1206 1069 1328 1116 Lon-

295 1170 410 1221 gum
426 1162 540 1201 esset
560 1154 715 1199 omnia
738 1154 947 1217 persequi
970 1189 982 1211 ,
1014 1169 1118 1218 quae
1151 1152 1229 1199 hic
1255 1169 1329 1198 au·

301 1247 399 1285 ctor
430 1246 781 1284 commemorat.
812 1234 957 1282 Nobis
993 1239 1100 1283 satis
1132 1237 1188 1283 sit
1210 1252 1331 1282 non-

301 1319 431 1367 nulla
466 1319 631 1367 afferre
662 1335 721 1367 ex
753 1320 809 1366 iis
832 1355 846 1376 ‚
869 1334 972 1384 quae
993 1319 1152 1366 scribit
1171 1335 1274 1383 cap.
1298 1317 1332 1367 8

302 1418 409 1468 quae
439 1402 634 1449 mirifice
657 1402 937 1449 confirmant
959 1419 1118 1450 causas
1142 1418 1166 1450 a
1199 1403 1334 1450 nobis

302 1484 573 1533 recensitas.
599 1485 820 1532 Funesta
839 1485 1124 1548 rifle-ssione,
1154 1486 1331 1545 scribit,

302 1568 327 1614 i
351 1569 534 1615 viziei
562 1567 807 1615 disordini
832 1566 1095 1631 hannoper
1112 1569 1212 1614 cosi
1229 1568 1335 1615 dire

304 1651 667 1713 anafiliazione
684 1652 926 1716 reciproca
939 1650 1020 1714 fra
1038 1649 1151 1698 loro.
1167 1648 1220 1698 L'
1239 1666 1335 1697 uno

295 1733 512 1801 produce
530 1733 687 1782 l’altro
707 1771 721 1797 ‚
747 1752 775 1782 e
803 1734 1069 1800 ilprodotto
1101 1735 1163 1782 da
1178 1752 1336 1783 nuova

298 1817 442 1882 forza
460 1814 510 1863 al
527 1817 823 1882 produltore.
848 1818 963 1865 Cosi
976 1818 1023 1864 Ia
1039 1820 1243 1866 miseria
1269 1855 1283 1880 ‚
1314 1836 1338 1866 e

306 1898 347 1946 il
378 1898 577 1947 celibato
607 1900 813 1948 violento
842 1899 1065 1949 d'alcune
1092 1900 1237 1949 classi
1268 1901 1339 1950 de'

305 1983 539 2031 cittadini
556 2021 568 2041 ‚
595 1983 876 2048 impedendo
908 1986 930 2031 i
945 1986 1241 2050 matrimonj,
1259 2002 1341 2033 ca-

307 2067 517 2128 yionano
556 2064 940 2114 l’i'nco'ntinenza
972 2067 1203 2132 pubblica
1239 2104 1253 2130 ‚
1316 2085 1341 2113 e

310 2146 691 2196 l’inconcinenza
725 2148 968 2213 pubblica
990 2149 1283 2196 dinn‘nuisce
1302 2148 1344 2196 il

308 2245 510 2278 numero
535 2229 605 2278 ἅθ’
624 2233 927 2295 matrimonj.
955 2230 1094 2278 Dove
1112 2234 1160 2278 ci
1181 2232 1206 2278 ὲ
1235 2247 1340 2278 cor-

310 2315 513 2362 ruzione
534 2351 550 2374 ,
582 2313 757 2361 l'uomo
798 2314 975 2378 sdeqna
1005 2331 1106 2362 una
1141 2314 1339 2379 moqlie‚

313 2415 339 2445 e
356 2397 472 2446 dove
499 2399 545 2445 ci
563 2399 587 2445 ὲ
604 2399 806 2464 povertc'z
821 2435 837 2459 ‚
868 2399 983 2446 dove
1015 2400 1064 2446 ci
1081 2416 1196 2446 sono
1211 2398 1346 2446 molti

312 2480 462 2528 celibi
473 2498 561 2546 per
586 2481 730 2544 forza
750 2519 761 2540 ‚
798 2482 868 2528 ivi.
890 2485 936 2530 ci
953 2479 1059 2528 dev'
1076 2499 1226 2529 essere
1242 2499 1344 2529 cor-

311 2565 535 2612 ruzione.
574 2561 709 2628 Quod
731 2564 901 2612 deinde
925 2566 1064 2611 nimis
1096 2565 1251 2612 forsan
1288 2565 1344 2612 li-

312 2644 423 2693 bere
438 2646 605 2693 evolvit
626 2646 825 2708 3deinde
844 2649 1141 2713 prosequitur
1175 2665 1188 2695 :
1216 2646 1351 2714 Qual

314 2738 453 2776 vuoto
486 2745 586 2776 non
625 2729 739 2776 deve
763 2728 970 2777 lanciare
1001 2730 1129 2779 nella
1149 2731 1348 2796 popula-

316 2810 459 2858 zione
480 2809 625 2874 qnest’
652 2827 829 2858 eccesso
863 2811 987 2860 della
1006 2813 1241 2877 purbblica
1267 2816 1348 2860 in-

317 2893 603 2942 continenza
620 2896 643 2939 Ρ
699 2892 835 2958 Qnal
879 2893 1174 2956 maraviqlia
1196 2914 1214 2950 ‚·
1265 2894 1348 2942 che

318 2973 443 3023 nella
471 2975 691 3038 maqyior
721 2983 864 3039 parte
897 2974 1012 3023 delle
1042 2977 1244 3023 naze'oni
1266 2975 1349 3040 fra

318 3065 453 3107 cento
491 3057 687 3104 nomini
711 3057 825 3121 sisa
856 3075 1047 3123 appena
1078 3075 1145 3104 un
1176 3060 1347 3106 matri-

320 3137 483 3188 monio
511 3141 568 3186 in
595 3140 712 3204 oqni
742 3143 911 3187 anno?
943 3140 998 3187 Et
1017 3143 1067 3188 in
1097 3150 1204 3188 nota
1235 3140 1352 3189 ibid.

320 3219 614 3286 Leqqansiei
647 3220 818 3270 calcoli
846 3221 899 3268 di
935 3222 1015 3270 M.
1064 3219 1353 3272 Sussmilck.

323 3300 443 3366 qui
482 3303 588 3350 dice
611 3340 624 3362 ‚
672 3302 756 3351 che
801 3306 860 3351 in
914 3302 1110 3350 Olanda
1158 3306 1205 3351 si
1228 3305 1285 3369 sa
1319 3303 1358 3351 il

323 3393 486 3443 conto,
534 3385 616 3432 che
658 3403 798 3453 sopra
829 3384 897 3451 64
924 3403 1125 3452 persone
1149 3388 1201 3434 vi
1231 3388 1256 3433 ὲ
1283 3404 1355 3434 un

330 3469 642 3516 matrimonio
664 3506 677 3528 ‚
712 3469 795 3517 nel
816 3456 994 3518 mentre
1015 3472 1071 3517 in
1100 3467 1281 3519 Svezia
1309 3489 1357 3519 se

326 3565 387 3597 ne
409 3547 467 3613 sa
502 3566 599 3596 uno
635 3567 775 3616 sopra
806 3550 913 3602 126.
937 3551 1078 3602 Nella
1102 3555 1286 3602 Merca
1306 3555 1360 3602 di

327 3631 677 3699 Brandelmrqo
693 3672 706 3691 ,
730 3654 755 3684 e
770 3638 826 3685 in
853 3636 1127 3687 Finlandia
1161 3623 1258 3688 mio
1283 3656 1356 3688 so·

1410 1070 1467 1114 in
1510 1067 1809 1131 Inqhilterra
1848 1086 1944 1116 uno
1989 1086 2130 1135 sopra
2167 1071 2263 1137 98,
2304 1070 2428 1131 115,

1419 1166 1434 1197 1
1452 1146 1530 1201 18.
1563 1150 1666 1198 Jam
1691 1168 1799 1199 vero
1826 1163 2076 1200 numeratae
2103 1157 2310 1217 regiones
2329 1171 2431 1202 om-

1413 1250 1494 1280 nes
1521 1236 1753 1298 pertinent
1782 1235 1842 1282 ad
1874 1235 2196 1286 protestantes,
2231 1236 2294 1284 Ex
2338 1254 2432 1302 quo

1415 1316 1667 1377 discimus,
1715 1335 1931 1383 quaenam
1973 1320 2097 1383 apud
2134 1318 2235 1367 illos
2283 1321 2435 1385 vigeat

1416 1417 1600 1448 morum
1630 1404 1878 1466 corruptio.
1903 1402 1959 1449 Et
1983 1403 2031 1449 hi
2056 1413 2164 1450 sunt
2182 1440 2195 1463 ‚
2236 1406 2317 1469 qui
2349 1403 2431 1452 de-

1416 1483 1615 1530 clamant
1640 1484 1855 1531 adversus
1884 1485 2145 1532 caelibatum
2164 1486 2437 1534 ecclesiasti-

1417 1581 1524 1611 cum
1547 1567 1557 1612 !
1589 1564 1646 1612 Et
1676 1567 1773 1613 haec
1803 1567 1993 1632 quidem
2021 1570 2071 1615 in
2094 1569 2339 1634 hypothesi
2361 1569 2435 1617 ad-

1417 1651 1725 1696 versariorum
1758 1662 1865 1698 sunt
1913 1652 2032 1698 dicta
2054 1689 2068 1711 ‚
2106 1653 2231 1716 quod
2268 1670 2437 1717 nempe

1418 1731 1675 1779 incolarum
1705 1733 1966 1798 frequentia
2000 1746 2263 1797 promoveat
2293 1739 2438 1784 socie-

1421 1816 1522 1860 tatis
1546 1814 1832 1863 felicitatem.
1869 1816 1948 1863 Δεῖ
1968 1817 2218 1883 ἰιιῳιίτεΐθὲ
2239 1830 2434 1883 praestat,

1421 1914 1537 1943 num
1561 1914 1675 1945 caeca
1696 1898 1794 1946 haec
1828 1909 1965 1963 atque
1983 1902 2313 1950 inconsiderata
2335 1920 2442 1967 pro-

1423 1982 1601 2042 pagatio
1629 1982 1679 2027 in
1706 1982 1971 2045 reipublicae
1996 1983 2172 2031 bonum
2191 1987 2336 2049 reipsa
2365 2002 2442 2034 ce-

1423 2061 1545 2108 dat?
1575 2062 1677 2110 Jam
1708 2082 1812 2112 vero
1843 2082 1929 2112 nec
1962 2069 2098 2130 pauci
2127 2084 2213 2114 nec
2252 2070 2445 2116 minoris

1424 2142 1633 2192 subsellii
1667 2146 1926 2210 philosophi
1960 2165 2013 2194 ac
2040 2149 2242 2211 politici,
2270 2166 2446 2214 expen-

1423 2230 1481 2274 sis
1511 2229 1732 2292 utrinque
1757 2232 1989 2277 rationum
2012 2234 2259 2278 momentis
2280 2269 2293 2291 ‚
2332 2249 2445 2281 con-

1425 2313 1616 2358 trarium
1633 2312 1951 2359 ostenderunt.
1971 2312 2162 2360 Omissis
2176 2332 2308 2378 porro
2324 2315 2448 2363 Aris-

1426 2392 1566 2440 totele
1596 2430 1609 2452 ‚
1638 2393 1724 2442 lib.
1759 2410 1821 2440 vn
1848 2431 1860 2452 ‚
1907 2393 2112 2443 Politia.
2147 2413 2250 2460 cap.
2284 2395 2317 2460 4
2340 2431 2355 2456 ,
2402 2407 2448 2445 et

1427 2473 1695 2535 Heinecci0‚
1713 2476 1762 2523 A
1766 2476 1796 2523 d
1806 2475 1949 2541 leqem
1963 2480 2002 2526 J
2003 2477 2151 2525 aliam
2167 2487 2212 2526 et
2235 2480 2449 2545 Papiam

1429 2558 1684 2625 Popoeam,
1711 2560 1797 2609 lib.
1819 2578 1835 2608 1
1856 2599 1869 2620 ‚
1903 2579 2008 2626 cap.
2043 2579 2100 2610 12
2117 2600 2133 2621 ,
2159 2566 2239 2629 qui
2256 2564 2351 2612 haec
2377 2582 2449 2612 ar-

1429 2655 1645 2709 gumenta
1679 2655 1901 2704 versant,
1942 2663 2035 2694 non
2069 2647 2314 2695 defuerunt
2354 2663 2447 2694 res-

1430 2730 1626 2793 publicae
1646 2766 1659 2787 ‚
1680 2745 1801 2795 quae,
1820 2730 1893 2778 vel
1922 2730 1981 2776 ob
2000 2729 2288 2776 insolentiam
2305 2729 2448 2793 plebis

1432 2809 1505 2858 vel
1523 2810 1583 2858 ob
1610 2814 1703 2873 agri
1732 2814 1987 2875 augustiam
2027 2811 2096 2858 vel
2122 2812 2414 2860 sterilitatem
2433 2849 2447 2871 ‚

1431 2894 1488 2941 de
1530 2893 1782 2941 coercendo
1816 2895 1965 2957 potius
2000 2910 2142 2958 quam
2178 2894 2236 2942 de
2275 2896 2446 2959 ampli-

1432 2974 1802 3022 ficando-civium
1826 2992 2019 3022 numero
2044 2978 2314 3039 cogitarunt.
2335 2977 2451 3024 Mal-

1434 3057 1540 3104 thus
1576 3058 1801 3121 parochus
1819 3057 2087 3122 anglicanus
2118 3062 2167 3106 in
2204 3078 2280 3124 op.
2304 3059 2457 3109 Essai

1437 3156 1524 3186 sur
1548 3140 1588 3187 Ie
1599 3142 1826 3206 principe
1855 3140 1911 3187 de
1940 3140 2278 3207 lapopulation
2298 3143 2454 3202 ‚trad-

1437 3224 1495 3271 de
1514 3224 1667 3289 l'angl.
1692 3228 2010 3273 necessitatem
2035 3227 2308 3275 continendi
2335 3229 2454 3274 intra

1437 3316 1581 3355 certos
1615 3307 1782 3355 limites
1810 3311 2195 3372 ⁴propagationem
2236 3307 2450 3357 ostendit.

1438 3389 1495 3437 At
1530 3394 1754 3455 pessimus
1782 3391 1923 3441 homo
1962 3392 2154 3441 ulterius
2193 3405 2450 3457 progressus

1441 3483 1531 3533 est;
1555 3474 1631 3522 hic
1653 3474 1901 3540 siquidem,
1933 3478 2014 3541 qui
2034 3477 2218 3524 inanem
2244 3489 2454 3537 pronun-

1440 3559 1634 3606 ciaverat
1672 3560 1969 3607 continentiae
1998 3558 2321 3624 professionem
2341 3593 2355 3616 ,
2389 3556 2449 3603 ad

1442 3643 1750 3693 coercendam
1799 3646 2171 3710 propagationem
2215 3643 2451 3707 proposuit
