2508 4120
270 93 389 154 218

926 115 1247 171 mamimus
1290 118 1360 155 mi
1404 119 1778 159 narnlnonio.

270 259 480 319 saltem
508 270 631 318 toto
674 257 807 316 nisu
843 257 1230 332 instauravit,
1267 271 1509 319 censent
1532 305 1548 335 7
1583 281 1794 325 verum
1832 261 2006 341 hujus
2034 266 2397 325 Sacramenti

271 356 603 414 ministrum
633 351 823 410 solum
863 374 986 412 esse
1020 354 1393 413 Sacerdotem
1427 355 1538 435 (1).
1575 354 1687 414 Alii
1729 367 1927 415 autem
1959 361 2214 441 antiquae
2249 383 2396 420 seu-

273 451 466 510 tentiae
505 447 872 507 adhaerentes
908 449 1280 526 existimant,
1324 472 1446 508 non
1478 450 1618 509 alios
1656 453 2014 510 Sacramenti
2044 453 2398 516 Matrimonii

270 545 564 603 ministros
593 565 714 602 esse
756 545 1152 623 agnoscendos
1182 557 1396 628 praeter
1430 546 1887 606 contrahentess
1909 546 2078 621 Quod
2114 549 2274 608 enim
2307 562 2400 610 at-

270 642 420 700 tinet
437 641 511 700 ad
532 640 848 720 peculiares
867 642 1290 701 nonnullorum
1315 643 1618 724 opiniones
1642 688 1657 716 7
1684 645 1784 724 qui
1814 644 2068 703 mediam
2087 644 2404 725 quamdam

269 739 426 798 viam
455 749 777 797 tenuerunt
800 747 827 813 ,’
858 740 955 798 vix
986 740 1210 821 aliquot
1241 740 1687 822 adstipulatores
1722 742 1881 800 nacti
1908 753 2067 801 sunt.

352 833 449 893 37.
501 836 730 909 Caum,
772 847 836 894 et
895 836 997 917 qui
1047 858 1182 900 cum
1224 858 1292 896 eo
1325 837 1591 896 sentiunt
1647 837 1724 895 ad
1763 858 1930 896 suam
1983 836 2407 897 adstruendam

269 932 622 991 sententiam
647 977 663 1006 .,
691 944 902 1011 urgent
922 934 983 992 10
999 934 1345 992 Sanctorum
1371 935 1613 991 Patrum
1635 932 1985 1008 doctrinam7
2011 955 2123 1014 qua
2149 933 2396 992 tradunt

270 1026 677 1088 benedictione
725 1027 1051 1088 Sacerdotis
1095 1030 1539 1087 Matrimonium
1593 1033 2004 1109 sanctificari,
2046 1033 2408 1101 conciliari,

269 1125 617 1204 obsiynam}
658 1126 986 1205 praesertim
1022 1145 1164 1184 vero
1207 1127 1384 1184 Cone.
1439 1124 1916 1204 Carthaginiense
1963 1126 2077 1200 IV7
2130 1124 2289 1206 quod
2329 1125 2408 1183 ita

275 1219 539 1279 decernit
567 1242 580 1278 ε
617 1222 884 1300 Sponsus
906 1231 961 1279 et
992 1242 1211 1300 sponsa
1240 1243 1382 1280 cnm
1408 1223 1801 1280 benedicendi
1831 1232 1979 1280 sunt
2000 1243 2038 1278 a
2062 1222 2409 1292 Sacerdote,

268 1339 307 1375 a
334 1318 700 1395 parentibus
725 1320 854 1375 suis
883 1319 973 1375 vel
997 1323 1453 1397 paranymphis
1501 1319 1847 1397 offerantur.
1886 1318 2036 1397 Qui,
2066 1339 2206 1376 cum
2244 1319 2411 1375 hene-

267 1413 590 1472 dz‘ctionem
621 1417 996 1494 acceperint,
1031 1416 1237 1473 eadem
1285 1425 1445 1473 nocte
1477 1435 1596 1494 pro
1630 1417 1964 1473 reverentia
2005 1417 2203 1493 ipsius
2235 1415 2411 1472 hene-

269 1646 560 1696 Sacramenti
579 1684 592 1705 ‚
627 1647 706 1696 sed
734 1647 885 1696 solum
913 1657 963 1695 ut
990 1664 1042 1696 eo
1064 1649 1159 1695 ritu
1186 1665 1299 1696 con-

272 1727 455 1798 jugium
497 1729 754 1778 celebretur
775 1768 789 1790 ‚
850 1732 932 1796 qui
985 1730 1045 1778 ab
1100 1730 1301 1778 Ecclesia

271 1812 583 1878 praescribitur
599 1813 660 1860 ob
677 1814 829 1878 plures
844 1830 1023 1873 causas,
1051 1832 1166 1879 quas
1182 1832 1301 1862 enu-

272 1907 435 1945 merat.
467 1895 590 1945 Sane
620 1896 894 1945 Guillelmus
929 1898 1301 1946 benedictionem

271 1979 602 2028 sacerdotalem
630 1980 689 2028 ad
729 1979 1016 2028 Matrimonii
1056 1983 1302 2029 essentiam

272 2081 368 2111 non
397 2065 625 2128 pertinere
657 2064 949 2127 apertissime
981 2063 1120 2111 tradit
1147 2066 1195 2110 in
1220 2082 1299 2128 op.

273 2143 346 2194 De
401 2153 576 2210 septem
628 2142 958 2195 Sacramentis
975 2181 992 2206 ‚
1059 2145 1302 2193 Florentiae

286 2225 415 2294 1579
436 2264 448 2286 ‚
473 2231 522 2274 in
540 2245 664 2292 quo,
687 2245 787 2293 cap.
824 2225 889 2275 26
912 2266 924 2288 ‚
950 2245 1058 2276 cum
1077 2228 1304 2276 declaras-

274 2320 343 2359 set
376 2312 667 2358 matrimonia
695 2310 978 2359 clandestina
1007 2329 1104 2359 esse
1140 2311 1299 2375 prohi-

282 2393 411 2451 bita,
453 2404 497 2442 et
549 2394 698 2442 tribus
749 2396 901 2443 modis
951 2394 1302 2443 Matrimonium

278 2476 374 2524 dici
417 2493 551 2543 posse
603 2477 943 2526 clandestinum
975 2514 987 2536 ‚
1038 2477 1212 2525 scilicet
1254 2485 1302 2524 1⁰

275 2575 383 2608 cum
411 2560 673 2609 celebratur
701 2563 798 2610 sine
838 2561 1030 2609 testibus
1055 2577 1068 2621 3
1109 2568 1162 2607 2⁰
1194 2578 1303 2608 cum

284 2641 551 2691 celebratur
599 2644 775 2709 absque
804 2644 1120 2702 solemnitate,
1154 2661 1299 2710 quam

276 2723 483 2772 Ecclesia
537 2727 587 2772 in
642 2729 813 2790 nuptiis
872 2726 1094 2774 adhibere
1146 2720 1260 2774 solet
1284 2761 1300 2786 ,

276 2815 415 2872 prout
439 2816 547 2854 sunt
564 2805 824 2854 benedictio
842 2807 1021 2872 aliaque
1042 2808 1268 2873 ejusmodi
1291 2826 1304 2865 ς

279 2889 334 2938 3⁰
366 2907 474 2938 cum
498 2907 593 2937 non
612 2901 930 2954 proponuntur
955 2890 1142 2949 banni;
1172 2891 1307 2938 docet

277 2983 455 3032 tamen,
467 2969 696 3040 ejusmodi
711 2973 1004 3021 Matrimonia
1020 2974 1304 3021 clandestina

280 3073 394 3105 vera
424 3074 520 3105 esse
549 3058 763 3122 conjugia
797 3059 1009 3122 quamvis
1035 3057 1193 3104 illicita
1215 3094 1228 3116 ‚
1260 3066 1306 3104 et

278 3141 519 3189 concludit
553 3158 565 3188 :
601 3140 703 3189 Nec
735 3142 804 3188 sic
838 3140 1166 3188 contrahentes
1192 3157 1305 3205 pos-

280 3234 400 3272 sunt
424 3228 648 3292 separari
665 3263 678 3284 ‚
708 3242 818 3273 cnm
846 3225 919 3273 ihi
945 3242 1083 3272 verus
1103 3228 1168 3273 sit
1188 3242 1303 3274 con-

281 3323 451 3354 sensus
475 3327 565 3374 per
597 3309 740 3357 verba
776 3308 833 3356 de
854 3310 1085 3374 praesenti
1110 3325 1302 3373 expres-

280 3406 395 3449 ens‚·
426 3389 535 3438 lieet
561 3391 646 3440 illa
661 3410 768 3457 quoe
792 3391 920 3439 de'cta
950 3399 1061 3438 sunt
1090 3391 1304 3456 (ideoque

1387 1664 1442 1695 ex
1462 1645 1692 1695 sententia
1725 1645 1961 1694 Guillelmi
1980 1683 1993 1706 ‚
2021 1663 2118 1693 non
2139 1647 2339 1710 pertinet
2356 1645 2416 1693 ad

1386 1731 1634 1779 essentiam
1672 1728 1956 1779 Sacramenti
1989 1729 2305 1787 Matrimonii,
2339 1746 2418 1777 se-

1387 1815 1545 1878 quitur
1573 1813 1777 1878 profecto
1800 1850 1813 1872 ‚
1838 1815 1991 1876 ipsum
2013 1829 2110 1859 non
2137 1813 2420 1859 existimasse

1387 1895 1687 1944 Sacerdotem
1722 1912 1822 1944 esse
1842 1896 1985 1963 hujus
2016 1894 2300 1943 Sacramenti
2325 1893 2418 1942 mi-

1387 1978 1585 2028 nistrum
1615 2014 1627 2027 .
1659 1978 1736 2027 Sic
1765 1979 1919 2027 afferri
1947 1981 2084 2027 etiam
2103 1978 2218 2026 solet
2238 1994 2319 2042 pro
2336 1978 2422 2025 hae.

1389 2065 1617 2111 sententia
1635 2061 1932 2122 Paludanus3
1960 2066 2198 2109 at'certum
2220 2070 2286 2108 est
2305 2096 2317 2118 ‚
2337 2058 2424 2106 Pa-

1388 2145 1617 2193 ludanum
1648 2147 1933 2192 contrarium
1962 2146 2156 2191 omnino
2186 2143 2412 2190 docuisse.

1395 2228 1516 2275 Eum
1556 2227 1694 2275 adisis
1721 2230 1769 2274 in
1809 2227 1895 2274 lib.
1937 2223 1969 2289 4
2009 2224 2222 2272 Sentent.
2265 2224 2412 2272 Paris,

1395 2309 1546 2374 ¹5¹4·
1572 2313 1649 2359 hic
1680 2314 1808 2359 enim
1834 2310 1923 2358 loc.
1945 2311 2025 2357 cit.
2057 2308 2169 2356 dist.
2200 2324 2310 2354 xxvi
2329 2345 2340 2366 ‚
2361 2325 2410 2373 q.

1387 2391 1438 2457 4,
1452 2404 1605 2458 aperte
1620 2393 1880 2458 profitetur,
1896 2389 2245 2439 Matrimonium
2259 2389 2416 2454 pcrsici

1386 2496 1468 2544 per
1480 2495 1756 2527 consensum
1769 2475 2161 2535 contrahentium,
2176 2476 2238 2522 ita
2253 2485 2301 2521 ut
2314 2489 2419 2521 ver-

1394 2563 1453 2611 ba
1475 2601 1488 2622 ‚
1520 2560 1694 2627 quibus
1711 2563 1983 2626 exprimitur
1999 2577 2247 2608 consensus
2273 2568 2315 2607 et
2341 2575 2419 2606 ac-

1388 2649 1584 2711 ceptatio
1606 2681 1619 2704 ‚
1641 2644 1728 2692 sub
1745 2645 1925 2692 diversa
1944 2645 2119 2690 ratione
2131 2639 2417 2689 constituant

1390 2732 1630 2776 materiam
1662 2733 1707 2774 et
1729 2728 1925 2773 formam
1944 2724 2228 2772 Sacramenti
2247 2721 2417 2782 ‚·solvit

1389 2820 1608 2875 praeterea
1647 2807 1964 2855 difficultatem
1987 2843 2000 2865 ‚
2029 2823 2172 2871 quam
2195 2803 2280 2850 sibi
2309 2821 2416 2867 pro-

1389 2890 1524 2956 ponit
1567 2889 1791 2937 adversus
1848 2891 2084 2935 veritatem
2133 2885 2418 2933 sacramenti

1390 2973 1702 3032 Matrimonii,
1731 2971 1920 3035 petitam
1948 2987 2002 3017 ex
2031 2987 2084 3017 eo
2115 2969 2239 3034 quod
2282 2985 2421 3016 omne

1390 3053 1750 3102 Sacramentum
1786 3052 1951 3100 debeat
1997 3069 2021 3098 a
2063 3050 2312 3098 Sacerdote
2341 3050 2422 3096 ad-

1392 3136 1685 3194 ministrari,
1728 3153 1858 3184 secus
1885 3152 1938 3182 ac
1971 3133 2153 3182 eveniat
2184 3137 2233 3180 in
2263 3132 2422 3181 Matri-

1392 3219 1552 3268 monio
1571 3256 1585 3279 ‚
1617 3221 1692 3266 cui
1728 3217 2014 3283 perficiendo
2041 3234 2137 3264 non
2167 3218 2419 3281 requiritur

1390 3301 1611 3349 Sacerdos
1631 3337 1644 3363 ‚
1664 3299 1958 3365 ostenditque
1978 3337 1990 3357 ‚
2009 3298 2252 3364 quodlibet
2265 3296 2424 3345 Sacra-

1392 3397 1602 3434 mentum
1631 3384 1807 3450 aliquid
1830 3384 1998 3431 habere
2028 3384 2114 3430 sibi
2141 3383 2378 3447 proprium
2407 3415 2420 3438 ‚

281 3483 329 3522 et
353 3472 631 3539 benedictio)
663 3476 925 3537 deficiant;
953 3491 1059 3540 qnae
1092 3490 1189 3520 non
1205 3482 1317 3520 sunt
1397 3474 1447 3517 in
1479 3487 1572 3534 quo
1596 3486 1703 3517 cum
1736 3468 1923 3534 reliquis
1957 3485 2053 3515 non
2087 3466 2317 3514 convenit.
2354 3461 2423 3509 Ita

283 3556 342 3603 de
361 3557 569 3604 essentia
593 3559 916 3619 sacramenti,
946 3556 1028 3604 sed
1055 3555 1186 3604 solas
1206 3562 1317 3602 cen-
1401 3552 1464 3600 fol
1483 3588 1494 3599 .
1536 3548 1647 3613 141.

281 3655 452 3687 sensus
471 3639 759 3705 praedictus,
792 3640 932 3689 Porro
957 3643 994 3687 si
1034 3638 1310 3696 benedictio,

1467 3636 1531 3697 (l)
1571 3634 1651 3682 De
1686 3634 1773 3681 loc.
1805 3631 1940 3681 theol.
1963 3632 2043 3679 lib.
2076 3644 2175 3678 vm.
