2508 4120
2120 208 2239 269 139

511 241 629 279 GAP.
677 240 759 280 IV.
808 241 875 276 DE
924 236 1042 282 SAG.
1093 235 1359 276 ORDINAT.
1408 233 1660 275 MATERIA
1703 234 1822 271 ETC.

135 385 320 444 ullum
350 392 662 464 patronum
689 385 812 457 jam
842 378 948 439 sibi
972 379 1227 441 vindicat
1251 424 1266 452 ,
1295 377 1438 437 adeo
1474 389 1542 435 ut
1564 398 1684 435 non
1711 395 1854 455 opus
1876 372 1950 432 sit
1972 370 2238 453 pluribus

132 501 263 538 eam
285 476 565 537 refellere.
585 475 672 534 Ad
687 476 1065 534 Diaconatum
1090 475 1246 534 enim
1270 472 1429 555 quod
1456 475 1688 544 attinet,
1703 471 1788 529 de
1811 490 1926 550 quo
1939 467 2242 549 potissime

140 571 530 633 controversia
560 571 741 649 viguit
767 616 782 644 ,
805 571 904 651 qui
927 580 1266 642 tenuerunt,
1301 589 1439 627 eum
1462 589 1630 648 posse
1647 588 1715 625 ex
1733 563 2093 642 delegatione
2123 564 2240 621 Ro—

133 669 296 727 mani
319 665 607 725 Pontificis
630 686 662 723 a
692 664 1031 744 Presbytero
1066 662 1350 734 conferri,
1387 662 1724 719 innituntur
1743 703 1765 729 „⁷
1795 670 2074 739 tanquam
2102 656 2240 714 sun-

136 761 412 821 damento
449 761 775 841 praecipuo,
831 757 1132 840 privilegio
1173 755 1480 815 abbatibus
1524 753 1994 814 Cisterciensibus
2036 751 2109 811 ab
2140 752 2242 810 In·-

139 857 410 915 nocentio
436 856 567 914 VIII
586 875 854 914 concesso
876 897 892 927 7
917 863 984 911 ut
997 861 1233 932 possent
1255 849 1554 908 monachis
1585 848 1693 907 sibi
1716 847 2006 925 subjectis,
2030 857 2242 928 praeter

135 951 390 1010 minores
435 949 685 1010 Ordines
732 959 792 1007 et
840 945 1325 1006 Subdiaconatum
1343 989 1361 1020 ,
1423 944 1600 1003 etiam
1663 943 2053 1002 Diaconatum'
2098 962 2241 1000 con-

131 1044 282 1103 ferre
316 1042 423 1125 (l).
456 1046 667 1103 Verum
694 1041 955 1124 plerique
981 1050 1198 1120 negant
1216 1084 1231 1113 ‚
1266 1036 1548 1116 ejusmodi
1577 1035 1946 1118 privilegium
1974 1056 2241 1116 unquam

133 1139 308 1198 fuisse
339 1158 707 1210 concessumt,
728 1136 931 1217 plures
949 1157 1089 1196 vero
1110 1157 1232 1193 non
1246 1133 1542 1220 immerito
1563 1132 1963 1213 suspicantur,
1979 1131 2239 1212 diploma

133 1234 495 1315 pontificium
518 1232 901 1312 depravatum
928 1231 1131 1307 fuisse3
1161 1250 1294 1288 cum
1324 1238 1493 1287 nutet
1521 1239 1830 1309 propterea
1868 1226 2155 1304 singulare
2178 1245 2243 1284 ac

134 1329 373 1387 fortasse
405 1327 644 1385 unicum
673 1324 1120 1385 fundamentum
1149 1325 1319 1403 hujus
1355 1323 1655 1384 sententiae
1678 1367 1694 1394 ‚
1735 1332 1907 1380 nutat
1948 1320 2240 1380 sententia

133 1424 258 1504 ipsa
295 1421 481 1481 eidem
510 1422 730 1480 innixa.

218 1515 355 1575 135.
404 1517 475 1575 Et
512 1515 637 1575 haec
688 1515 926 1597 quidem
966 1515 1038 1575 de
1077 1514 1475 1574 Ordinationis
1526 1513 1794 1572 ministro
1837 1512 2132 1572 ordinario
2183 1521 2243 1571 et

133 1610 610 1677 extraordinario,
663 1611 722 1669 Si
767 1632 956 1669 sermo
980 1612 1058 1668 sit
1102 1610 1175 1669 de
1207 1609 1474 1667 ministro
1507 1608 1762 1687 legitimo
1813 1618 1873 1667 et
1908 1606 2242 1687 illegitima,

134 1705 293 1766 haud
315 1707 517 1786 exigua
543 1707 738 1766 existit
757 1705 1096 1787 disceptatio
1123 1705 1277 1763 inter
1293 1703 1490 1762 doctos
1513 1714 1572 1762 et
1594 1702 1850 1763 eruditos
1876 1702 2050 1762 virne.
2085 1701 2246 1780 Legi-

133 1802 312 1859 timus
358 1823 531 1883 porro
570 1802 839 1860 minister
880 1800 1275 1860 Ordinationis
1312 1809 1552 1860 vocatur
1597 1797 1733 1873 ille,
1782 1799 1881 1879 qui
1916 1819 2038 1857 non
2071 1795 2250 1855 modo

136 1895 451 1955 catholicus
482 1908 572 1956 est
593 1942 609 1971 ,
635 1896 910 1957 canonice
943 1895 1158 1955 electus
1193 1906 1251 1954 et
1281 1895 1550 1976 proprius
1581 1890 2059 1975 EpiscOPUS,‘sed
2087 1896 2247 1969 eujus

136 2088 191 2121 ex
211 2073 540 2122 recentioribus
559 2073 814 2140 Vasquezio
832 2109 848 2134 ‚
871 2073 1137 2138 Praeposito,

136 2154 350 2215 Maratio‚
369 2158 449 2221 qui
468 2173 565 2203 eam
583 2156 868 2221 probabilem
883 2166 1143 2217 autumant,

136 2239 300 2284 merito
333 2237 567 2285 concludit
621 2254 635 2288 .·.
686 2236 815 2286 Hoee
846 2245 1006 2284 tamen
1039 2254 1147 2284 sen-

135 2321 315 2374 tentia,
344 2335 450 2383 quoe
490 2319 748 2366 traditioni
773 2327 1009 2385 repuqnat
1033 2356 1045 2378 ‚
1076 2336 1148 2366 se-

135 2400 322 2462 quenda
349 2417 446 2447 non
478 2409 563 2449 est.

207 2480 278 2543 (l)
310 2480 421 2528 Haec
466 2491 571 2529 sunt
606 2478 744 2529 verba
788 2482 1064 2546 privilegii,
1098 2491 1150 2529 ut

139 2560 283 2608 fertur
315 2598 327 2620 ‚
366 2562 462 2609 dati
506 2562 565 2609 ab
609 2561 889 2619 Innocentio*
921 2578 1000 2609 vm
1025 2596 1042 2622 ,
1065 2549 1149 2609 au—

141 2659 203 2689 no
245 2639 370 2708 1489
397 2679 413 2703 ‚
443 2661 472 2691 v
518 2643 626 2690 Idus
659 2642 829 2706 April„
858 2641 1024 2690 Abbati
1050 2641 1149 2689 Cis-

149 2726 359 2771 tcrciensi
391 2734 436 2772 et
465 2735 660 2790 quatuor
688 2727 847 2789 primis
877 2727 947 2771 sui
977 2723 1150 2771 ordinis

139 2804 438 2853 coabbatibus
473 2822 487 2852 ε
527 2805 611 2853 ‘Ac
658 2823 719 2853 ne
763 2805 989 2853 monachi
1031 2805 1154 2852 dicti

144 2884 366 2946 Ordinis,
381 2903 470 2952 pro
493 2887 817 2953 suscipiendis
841 2887 1152 2935 subdiacona-

141 2974 219 3014 tus
261 2977 307 3015 et
337 2968 622 3017 diaconatus
668 2969 973 3030 Ordinibus,
1017 2976 1151 3015 extra

143 3047 403 3097 claustrum
425 3051 689 3099 discurrere
707 3061 942 3115 coquntur
956 3086 970 3110 ‚
998 3050 1090 3098 tibi
1108 3058 1152 3097 et

150 3132 496 3179 successoribus
525 3135 625 3180 tuis
648 3171 661 3193 ‚
701 3141 754 3180 ut
777 3132 1150 3198 quibuscumque

146 3211 265 3258 dicti
307 3211 513 3261 Ordinis
543 3213 788 3263 monachis
817 3235 835 3272 ;
887 3213 1000 3262 aliis
1043 3230 1150 3262 vero

146 3300 349 3356 quatuor
379 3294 629 3344 abbatibus
651 3297 875 3362 praefatis
900 3311 957 3343 ac
986 3312 1149 3343 eorum

147 3376 489 3424 successoribus
506 3414 519 3438 ‚
543 3385 597 3425 ut
614 3395 810 3427 suorum
839 3380 1148 3426 monasterio·

146 3475 255 3505 rum
278 3458 623 3523 proedictorum
653 3461 913 3526 reliqiosis‚
944 3477 1057 3525 quos
1088 3460 1153 3509 ad

147 3539 203 3587 id
229 3539 419 3587 idoneos
442 3544 711 3605 repereritis
731 3580 744 3602 ‚
781 3542 1152 3591 subdiaconatus

149 3630 191 3669 et
205 3622 488 3669 diaconatus
505 3621 712 3671 Ordines
728 3623 1004 3689 hujusmodi
1028 3623 1151 3672 alias

150 3704 240 3750 rite
276 3703 552 3766 conferre...
584 3706 862 3752 auctoritate
893 3703 1146 3769 apostolica

1247 2081 1291 2121 et
1326 2089 1386 2120 ex
1428 2079 1556 2120 certa
1586 2073 1789 2119 scientia
1836 2078 1994 2118 tenore
2029 2077 2247 2135 proesen-

1236 2157 1360 2201 tium
1392 2153 1450 2201 de
1483 2153 1684 2219 speciali
1717 2153 1839 2200 dono
1872 2153 2044 2216 qratiae
2080 2150 2247 2199 indul-

1233 2252 1416 2301 9emus.
1453 2235 1521 2283 Ita
1557 2235 1681 2300 apud
1706 2234 1988 2293 Martenium
2008 2270 2022 2293 ‚
2056 2232 2144 2281 loc.
2167 2236 2245 2282 cit.

1237 2328 1324 2365 art.
1359 2314 1408 2377 5,
1439 2315 1467 2383 ξ
1497 2334 1541 2376 1,
1575 2319 1655 2383 qui
1679 2316 1795 2364 illud
1828 2315 2032 2380 diploma
2065 2331 2149 2379 pro
2172 2332 2251 2380 ge-

1238 2401 1386 2447 nuino
1415 2399 1572 2450 habet.
1592 2398 1767 2446 Verum
1785 2398 1863 2445 hic
1891 2407 2047 2445 auctor
2063 2397 2252 2445 ulterius

1238 2483 1378 2528 nimis
1401 2480 1690 2544 progreditur
1718 2495 1733 2541 3
1767 2496 1850 2543 pro
1871 2487 1996 2527 certo
2026 2482 2152 2526 enim
2177 2494 2250 2525 su·

1240 2563 1342 2621 mit,
1374 2579 1399 2608 a
1426 2560 1780 2624 Chorepiscopis
1797 2560 2016 2608 omnibus
2036 2560 2251 2607 indiscri-

1241 2644 1450 2690 minatim
1492 2642 1603 2690 olim
1641 2642 1979 2690 administrator,
2016 2642 2155 2690 fuisse
2182 2660 2252 2690 sa-

1241 2741 1344 2772 cros
1375 2723 1714 2790 presbyteratus
1742 2734 1787 2773 et
1814 2723 2092 2772 Diaconatus
2122 2722 2251 2771 Ordi-

1240 2821 1338 2854 nes.
1368 2804 1499 2870 Quod
1527 2808 1687 2855 attinet
1703 2806 1758 2854 ad
1784 2816 2008 2864 auctores,
2035 2807 2114 2871 qui
2143 2822 2252 2853 cen-

1241 2900 1372 2949 sent‚
1401 2907 1531 2954 posse
1566 2889 1857 2939 Sacerdotem
1884 2907 1939 2938 ex
1974 2889 2255 2954 delegatione

1240 2970 1440 3019 Romani
1458 2970 1692 3019 Pontificis
1706 2970 2011 3019 Diaconatum
2029 2970 2249 3028 conferre,

1216 3053 1328 3120 cfr.
1360 3052 1484 3117 apud
1506 3052 1704 3101 Morium
1736 3052 1827 3101 loc.
1857 3054 1933 3100 cit.
1957 3051 2218 3116 Henriquez
2235 3086 2250 3110 ‚

1239 3131 1442 3184 Summa
1461 3170 1475 3190 ‚
1521 3135 1576 3181 in
1611 3133 1940 3182 additionibus
1972 3132 2036 3179 ad
2066 3131 2152 3179 lib.
2186 3148 2247 3191 x,

1245 3215 1326 3263 De
1359 3214 1548 3263 Ordine
1568 3252 1581 3275 ‚
1614 3216 1842 3274 affirmat,
1882 3213 2029 3262 simile
2066 3213 2251 3277 privile-

1241 3299 1366 3361 gium
1382 3297 1615 3345 indultum
1639 3313 1732 3346 esse
1758 3295 2027 3361 praesulibus
2042 3295 2076 3342 F
2080 3297 2254 3343 rancis-

1242 3382 1366 3427 canis
1411 3381 1462 3426 in
1516 3378 1648 3427 India
1692 3377 1982 3442 degentibus.
2035 3376 2113 3425 Ast
2163 3377 2249 3425 cfr.

1242 3459 1490 3508 Hallierius
1518 3492 1536 3521 ,
1580 3477 1655 3523 op.
1694 3461 1775 3507 cit.
1817 3459 1898 3506 ubi
1940 3459 1997 3507 de
2043 3461 2252 3506 ministro

1243 3540 1554 3590 ordinationis
1575 3576 1590 3600 ‚
1620 3550 1704 3588 art.
1729 3556 1757 3587 2
1779 3576 1791 3599 ‚
1810 3557 1902 3589 sec.
1930 3540 1960 3589 3
1982 3540 2214 3600 3Witasse
2231 3572 2248 3599 ‚

1244 3622 1324 3671 De
1359 3622 1546 3669 Ordine
1567 3658 1580 3682 ‚
1622 3632 1736 3686 part.
1783 3638 1799 3668 1
1825 3659 1839 3684 ,
1882 3640 1930 3689 q.
1959 3621 1990 3672 5
2017 3659 2031 3683 ,
2068 3632 2154 3671 art.
2187 3636 2250 3681 2,

1245 3715 1355 3753 sect.
1395 3703 1444 3751 3.
