2508 4120
588 172 709 207 CAP.
761 169 839 206 IV.
885 169 952 203 DE
1036 162 1401 203 marnlmomts
1443 161 1646 198 murus.

2057 131 2174 192 393

158 314 296 374 321.
344 315 580 373 Constat
601 313 821 393 itaque,
846 308 1003 391 quod
1028 302 1552 367 demonstrandum
1577 298 2017 396 assumpsimus,
2046 316 2177 356 aca-

78 409 316 469 tholicos
363 429 576 491 nempe
614 412 749 485 jura
794 404 990 462 omnia
1040 399 1322 481 aequitatis
1358 396 1576 455 violare
1604 440 1622 468 ‚
1669 393 2032 474 proindeque
2073 411 2180 449 au-

78 501 343 559 ctoritate
386 525 487 554 sua
525 498 1006 574 perniciosissime
1029 493 1191 553 abuti
1215 538 1231 564 ,
1270 490 1414 550 dum
1445 509 1646 568 cogere
1682 489 1956 544 nituntur
1982 487 2181 545 Sacer-

82 590 247 647 dotes
284 588 594 646 catholicos
617 593 694 645 ad
718 587 1177 646 cohonestandas
1210 583 1618 642 benedictione
1657 580 1845 637 aliove
1873 578 1992 637 ritu
2022 600 2187 651 sacro,

83 683 314 765 nuptias
340 680 552 739 mixtas
576 723 592 754 ,
617 672 744 760 quae
773 680 1045 756 neglectis
1069 676 1463 738 ecclesiasticis
1486 674 1708 753 legibus
1734 670 2180 732 contrahuntur.

880 838 1362 881 DIFFICULTATES.

168 958 307 1018 322.
334 955 466 1036 obj.
484 955 694 1037 prima.
718 954 780 1011 1ο
800 955 950 1011 Reus
973 951 1248 1026 efficitur,
1268 949 1371 1031 qui
1387 948 1538 1029 leges
1560 949 1774 1031 patrias
1801 946 2019 1008 violare
2038 970 2190 1030 prae-

90 1053 267 1104 sumit
285 1077 301 1120 .·,
318 1052 398 1112 ita
418 1070 590 1128 porro
611 1069 672 1107 se
686 1057 913 1126 gerunt,
931 1047 1032 1126 qui
1055 1044 1363 1104 honestare
1390 1055 1662 1102 recusant:
1682 1042 1971 1102 consuetis
1982 1042 2190 1104 solem·

92 1140 374 1199 nitatibus
391 1139 679 1199 connubia
693 1141 877 1198 mixta
892 1139 962 1198 iis
979 1138 1342 1199 cautionibus
1355 1138 1778 1220 praetermissiS‚
1795 1158 1926 1218 quae
1935 1137 2192 1199 civilibus

91 1235 254 1313 regni
270 1220 490 1314 legibus
502 1256 622 1292 non
638 1232 1254 1315 probantur.20Neque
1269 1232 1560 1291 immerito
1577 1254 1696 1290 non
1713 1230 2056 1314 probantur,
2074 1233 2194 1293 sive

94 1329 225 1409 quia
249 1328 409 1387 nulla
441 1330 686 1388 externa
719 1337 1009 1408 potestaS,
1047 1326 1365 1404 cujusmodi
1390 1338 1477 1385 est
1506 1327 1806 1386 Pontificia
1827 1372 1843 1402 ,
1874 1326 2194 1388 immiscere

95 1445 154 1482 se
179 1434 372 1505 potest
398 1422 644 1503 politicae
665 1419 901 1499 alicujus
926 1421 1089 1500 regni
1112 1420 1607 1480 administrationi
1624 1422 1748 1482 sine
1765 1427 1988 1502 placito
2005 1427 2193 1503 φορίῳ·

94 1517 160 1575 30
187 1518 307 1577 sive
330 1518 463 1597 quia
490 1516 871 1590 conditiones,
906 1537 1046 1596 quas
1062 1514 1340 1574 Catholici
1366 1517 1628 1595 exigunt,
1649 1516 1970 1576 tolerantiae
1989 1516 2197 1577 adver-

93 1622 322 1685 santur,
349 1631 413 1669 ac
436 1622 751 1691 propterea
773 1610 1135 1669 conscientiae
1157 1607 1412 1669 libertati
1437 1621 1496 1670 et
1519 1610 1647 1690 paci
1661 1621 1788 1669 tum
1804 1609 2052 1692 publicae
2073 1621 2196 1670 tum

98 1815 305 1862 historici
321 1829 372 1860 ae
401 1811 645 1877 dogmatici
674 1813 966 1861 adhibeatur.
990 1812 1114 1860 Prae-

98 1898 298 1944 termitto
328 1893 510 1959 iniquas
534 1904 651 1942 artes
669 1931 682 1954 ‚
704 1894 872 1960 quibus
900 1895 1112 1942 homines

99 1988 292 2042 agrestes
340 1986 571 2041 coguntur
627 1979 803 2042 ejurare
841 1977 1111 2024 catholicam

98 2061 237 2108 fidem
259 2096 272 2117 ‚
308 2077 359 2107 ac
379 2095 392 2118 ‚
421 2058 458 2106 si
482 2069 763 2124 repugnent,
796 2058 1110 2107 crudelissimo

99 2141 426 2190 verberationis
471 2158 667 2204 genere,
701 2142 826 2206 quod
869 2140 934 2187 ibi
970 2139 1114 2187 Knut

98 2222 234 2287 vulgo
275 2224 520 2269 nominant
550 2257 566 2281 ‚
608 2223 719 2269 caedi
752 2222 1005 2287 jubentur,
1048 2223 1110 2268 ita

98 2314 268 2353 utnon
298 2305 433 2368 pauci
460 2306 510 2351 in
540 2304 692 2352 medio
728 2306 933 2352 cruciatu
970 2305 1110 2351 vitam

102 2388 335 2434 amittant.
355 2385 462 2432 Haec
486 2385 665 2451 aliaque
688 2403 830 2450 prope
845 2388 1108 2444 innumera,

101 2483 299 2532 quorum
315 2465 594 2513 documenta
614 2466 934 2531 vulgatissima
955 2468 1003 2513 in
1018 2482 1111 2512 om-

100 2549 234 2594 nium
261 2563 402 2612 prope
437 2546 654 2595 manibus
680 2557 785 2595 sunt
816 2547 831 2610 (
861 2546 957 2595 Cfr.
993 2549 1112 2595 inter

99 2639 278 2687 cetera,
323 2627 484 2677 Ukase
535 2644 592 2676 ιο
622 2628 760 2677 Febr.
810 2625 965 2685 1830,
999 2630 1110 2676 item

100 2711 227 2759 aliud
269 2710 427 2760 Ukase
476 2712 637 2760 datum
678 2711 815 2776 paulo
849 2722 979 2776 post,
1020 2729 1111 2774 quo

76 2795 451 2858 .supprimuntur
490 2795 761 2842 monasteria
794 2811 872 2842 seu
909 2810 1112 2842 conven-

101 2885 173 2922 tus
237 2874 383 2942 1946.
462 2874 778 2942 Ephemerid.
848 2877 1115 2923 ministerii

100 2955 335 3004 interioris
378 2956 454 3006 die
499 2974 558 3005 10
603 2958 705 3021 (22)
748 2956 886 3005 Febr.
945 2954 1072 3006 1836
1094 2993 1109 3019 ,

111 3036 267 3086 Ukase
291 3056 382 3103 quo
417 3043 605 3103 erigitur
634 3042 915 3104 episcopatus
944 3058 1110 3104 graeco-

101 3119 421 3167 schismaticus
442 3135 499 3167 12
520 3118 621 3184 (24)
637 3120 751 3168 Jun.
774 3118 921 3181 1835,
951 3121 1112 3170 Ukase

102 3216 169 3248 22
185 3199 296 3265 Apr.
323 3198 467 3266 1834,
484 3203 593 3250 item
615 3203 739 3250 aliud
762 3203 824 3250 23
841 3202 959 3252 Nov.
984 3200 1110 3252 1835

105 3284 220 3330 circa
246 3286 457 3348 conjugia
489 3287 653 3343 mixta,
687 3295 758 3333 etc
787 3286 837 3348 )‚
870 3285 968 3333 haec
990 3325 1003 3345 ,
1039 3290 1113 3334 in-

104 3380 275 3428 quam,
309 3363 375 3412 rei
411 3365 643 3414 catholicas
684 3366 1010 3416 subvertendae
1035 3385 1112 3433 ge-

105 3454 269 3492 runtur
284 3447 334 3492 in
362 3445 559 3511 Imperio
578 3447 783 3496 Russico.
812 3448 990 3497 Horum
1014 3452 1112 3498 exi-

29 3521 33 3524 *
106 3536 178 3574 tus
201 3525 424 3591 ejusmodi
453 3528 570 3590 suit,
595 3539 645 3577 ut
679 3530 782 3594 plus
806 3546 950 3595 quam
979 3548 1113 3579 sexa-

101 3611 142 3673 gi
153 3625 198 3656 es
229 3619 415 3658 centena
441 3608 582 3659 millia
607 3612 770 3676 (vulgo
797 3608 831 3659 6
856 3610 1114 3678 millicnes)

1192 1811 1538 1862 Catholicorum
1586 1814 1732 1862 avulsi
1765 1816 1860 1880 jam
1893 1817 1984 1863 sint
2021 1815 2201 1883 dimidii

1192 1894 1287 1941 fere
1314 1894 1455 1942 seculi
1482 1896 1626 1960 spatio
1661 1895 1719 1942 ab
1755 1899 1932 1944 unitate
1959 1895 2195 1947 catholica!

1192 1974 1326 2040 Quod
1355 1977 1411 2023 ad
1442 1994 1633 2041 regnum
1678 1976 1970 2027 Borussicum
1999 1981 2190 2040 attinet,

1193 2075 1253 2106 ne
1289 2059 1338 2104 in
1371 2057 1601 2105 similibus
1632 2058 1898 2108 enarrandis
1925 2060 2079 2109 videar
2112 2078 2195 2110 esst

1194 2138 1416 2202 prolixior
1435 2176 1449 2198 ‚
1488 2139 1618 2187 adeat
1637 2176 1650 2199 ‚
1669 2142 1750 2204 qui
1772 2142 1898 2204 cupit
1931 2142 2016 2189 ista
2039 2158 2194 2205 cogno·

1199 2237 1351 2281 scere,
1394 2238 1471 2284 op.
1501 2223 1579 2268 cit.
1616 2218 1922 2269 collectiones
1954 2223 2019 2270 ad
2059 2222 2195 2273 histo-

1193 2303 1319 2349 riam
1357 2300 1615 2350 ecclesiast.
1653 2319 1748 2350 sec.
1780 2320 1855 2350 xix
1879 2340 1894 2362 ‚
1922 2307 1975 2351 in
2015 2303 2197 2355 Germa·

1193 2386 1273 2431 nia
1293 2419 1307 2442 ‚
1338 2392 1430 2431 etc.
1463 2383 1676 2448 Augustas
1704 2382 1895 2431 Vindel.
1932 2382 2092 2446 1835,
2129 2389 2200 2437 eui

1193 2474 1347 2513 tamen
1374 2463 1505 2529 plura
1531 2464 1843 2514 additamenta
1872 2465 1970 2514 fieri
1999 2480 2199 2533 possent.

1194 2548 1455 2614 Utrumque
1497 2558 1651 2597 tamen
1692 2549 1781 2598 hoc
1818 2550 2096 2615 gubernium
2128 2554 2200 2607 die

1202 2645 1260 2677 12
1279 2629 1405 2695 Sept.
1424 2648 1502 2679 an.
1538 2646 1682 2696 1772,
1699 2631 1881 2694 publice
1904 2668 1918 2691 ‚
1941 2634 2196 2685 solemniter

1193 2729 1248 2760 ac
1279 2722 1433 2760 sancte
1457 2715 1724 2777 promiserat
1753 2749 1767 2776 ‚
1803 2715 2128 2779 permissurum
2151 2735 2196 2766 se

1193 2796 1324 2842 novis
1358 2795 1553 2843 subditis
1581 2796 1774 2843 liberum
1802 2799 1990 2846 omnino
2019 2799 2194 2863 religio-

1193 2878 1265 2924 nis
1294 2880 1560 2925 exercitium
1583 2894 1598 2937 ;
1622 2895 1761 2943 seque
1803 2881 1968 2943 pariter
2004 2878 2197 2929 solemni

1192 2958 1285 3006 fide
1343 2958 1649 3007 obstrinxerat
1699 2961 1920 3010 servando
1973 2963 2200 3010 tractatui

1191 3043 1301 3088 anni
1342 3057 1466 3107 ¹770
1485 3079 1499 3103 ,
1524 3060 1662 3108 quem
1679 3051 1826 3108 pacta
1859 3051 2087 3091 conventa
2110 3061 2197 3093 no-

1193 3124 1369 3170 minare
1399 3124 1573 3180 solent,
1599 3134 1652 3172 ut
1678 3125 1851 3173 scilicet
1878 3125 2060 3189 religio,
2102 3125 2198 3174 cul-

1193 3214 1265 3252 tus
1308 3213 1355 3253 et
1401 3204 1643 3270 disciplina
1686 3207 1985 3256 ecclesiastica
2013 3210 2062 3255 in
2094 3222 2199 3272 pro-

1198 3287 1360 3334 vinciis
1384 3305 1409 3335 a
1438 3305 1484 3336 se
1511 3305 1666 3335 recens
1701 3290 1932 3354 acquisitis
1962 3306 2199 3338 conserva-

1192 3377 1316 3415 retur
1347 3370 1396 3415 in
1436 3376 1561 3415 statu
1604 3384 1725 3431 quo,
1780 3379 1831 3416 ut
1871 3372 2031 3431 aiunt,
2080 3371 2198 3418 nihil

1191 3460 1346 3498 autem
1391 3459 1686 3497 attentaretur
1728 3467 1935 3516 unquam
1975 3453 2196 3518 imposte-

1191 3548 1296 3580 rum
1319 3569 1333 3591 ,
1374 3531 1500 3597 quod
1541 3541 1795 3596 pervertere
1843 3542 2010 3582 statum
2059 3532 2199 3582 illum

1193 3614 1345 3680 aliqua
1381 3616 1556 3662 ratione
1571 3615 1726 3679 possit.
