2612 4146
455 253 577 290 CAP.
627 253 671 288 1.
719 252 785 288 DE
830 251 1103 290 vnm'rATE
1148 252 1388 289 SACRAM.
1435 250 1707 288 Ex'rREMAE
1750 251 1914 290 Unc'r.

2167 229 2278 319 55*

135 408 324 454 nuunt
349 393 513 452 illum
545 395 708 457 inter„
723 394 1094 453 Sacramenta
1118 411 1537 452 connumerare
1558 390 1664 472 (l).
1689 394 1872 452 Tanta
1903 392 2118 453 scilicet
2154 393 2246 454 vis

134 502 222 550 est
256 488 514 549 veritatis
537 533 553 564 ,
590 499 658 546 ut
689 488 783 548 vel
813 487 885 546 ab
921 488 1118 548 invitis
1160 509 1457 546 assensum
1493 498 1858 569 extorqueat.

953 675 1011 718 DI
1017 672 1432 718 FFICULTATES.
1482 697 1491 703 —

217 815 273 872 9.
311 812 442 892 Obj.
463 813 671 895 prima.
707 815 768 870 1⁰
786 816 1081 873 Incertum
1099 812 1162 869 in
1187 812 1393 891 primis
1416 822 1504 871 est
1521 856 1538 888 ‚
1566 824 1765 872 utrum
1791 813 1992 874 Jacobi
2007 815 2252 895 epistola

136 910 408 967 canonica
435 909 542 981 sit3
574 930 778 967 verum
800 919 861 968 et
873 904 983 965 hoc
1005 905 1142 965 dato
1155 949 1178 977 ,
1201 906 1415 964 frustra
1438 906 1718 966 Catholici
1743 929 1816 982 ex
1839 908 2029 968 verbis
2046 911 2082 969 J
2085 908 2252 987 acobi

136 1004 350 1063 inferre
368 1004 639 1063 nituntur
660 1003 995 1061 unctionem
1010 1046 1027 1074 ,
1044 997 1118 1058 de
1137 989 1258 1081 'qua
1277 998 1536 1081 loquitur
1552 1001 1862 1082 Apostolus
1880 1049 1896 1077 .‚
1917 1024 2052 1063 vere
2070 1025 2253 1063 sacra·

139 1098 456 1158 mentalem
493 1118 614 1157 esse
632 1141 649 1170 ,
676 1094 745 1153 ΞΟ
770 1095 934 1176 quia,
961 1105 1028 1152 ut
1062 1093 1335 1156 observat
1369 1093 1653 1155 Lutherus
1670 1097 1836 1169 {non
1861 1096 2074 1156 licebat
2098 1101 2262 1180 Apo-A

201 1341 271 1404 (1)
308 1341 433 1387 luter
470 1339 557 1386 hos
601 1352 699 1386 non
738 1338 953 1386 infimum
994 1338 1148 1385 locum

137 1419 428 1470 sibivindicat
463 1421 724 1468 Leibnitius
746 1458 760 1479 ‚
799 1422 881 1485 qui
926 1421 993 1467 sic
1034 1422 1149 1468 scri-

133 1504 202 1552 bit
220 1540 235 1567 ‚
262 1502 463 1568 System.
504 1502 671 1551 Theoi.
715 1520 822 1568 pag.
853 1501 951 1550 280
979 1512 1025 1551 et
1049 1519 1148 1567 seq.

135 1584 215 1633 De
250 1584 492 1634 Unctione
512 1586 819 1648 infirmorum
846 1600 948 1631 non
967 1591 1036 1631 est
1065 1600 1155 1631 cur

134 1664 284 1715 multa
303 1667 597 1732 disputemus
609 1687 628 1724 ;
655 1665 796 1714 verba
822 1665 960 1713 habet
978 1663 1148 1730 Scrip-

135 1757 256 1797 turoe
264 1745 305 1796 S
306 1766 448 1810 acroe,
459 1750 896 1814 interpretationem
908 1744 1154 1805 Ecclesiae,

136 1833 220 1879 cui
228 1833 311 1896 pii
327 1839 372 1879 et
389 1830 614 1886 catholici
626 1830 843 1878 homines
857 1838 955 1877 tuto
962 1828 1126 1892 fidunt
1135 1847 1155 1889 ,-

136 1928 222 1961 nec
239 1913 375 1961 video
392 1950 404 1972 ,
422 1913 541 1977 qaid
554 1912 608 1962 in
623 1929 676 1960 eo
695 1927 824 1959 more
841 1947 855 1971 ‚
874 1928 1012 1976 quem
1030 1912 1154 1958 reci-

131 1994 213 2058 pit
239 1992 491 2051 Ecclesia,
537 1993 823 2059 reprehendi
856 2010 886 2040 a
917 2008 1154 2056 quoquam

129 2078 301 2141 possit.
323 2076 561 2124 Videmus
577 2113 591 2135 ,
614 2075 725 2124 olim
747 2084 791 2127 et
811 2075 990 2122 donum
1017 2090 1157 2121 cura-

136 2159 284 2205 tionis
306 2175 428 2224 soepe
456 2160 683 2224 affuisse‚·
701 2159 842 2220 cujus
870 2173 988 2204 usus
1022 2142 1155 2203 nunc

137 2256 245 2287 cum
286 2241 401 2289 aliis
438 2239 1150 2302 extraordinariisbeneficiis,

137 2320 351 2370 stabilita
383 2321 604 2372 Ecclesia
632 2360 644 2382 ‚
690 2321 1046 2386 infrequentior
1077 2321 1156 2384 sa-

139 2412 240 2450 ctus
253 2412 322 2452 est
332 2425 351 2462 ;
369 2421 553 2470 semper
567 2412 729 2452 tamen
749 2420 809 2451 ne
832 2411 947 2451 tunc
961 2399 1156 2467 quidem

142 2495 337 2534 sanatos
357 2486 512 2549 faisse
535 2486 822 2534 credendum
838 2495 933 2545 est,
960 2487 1048 2549 qui
1060 2501 1156 2532 un-

142 2565 380 2630 qebantar
387 2601 400 2615 .
414 2566 639 2632 Superest
654 2569 808 2630 iqitur
817 2566 980 2617 saltem
989 2566 1154 2613 hodie-

144 2664 235 2711 que
279 2647 488 2712 efficacia
534 2646 618 2694 illa
663 2647 886 2693 sanitatis
923 2655 1156 2710 perpetua

144 2738 189 2775 et
214 2746 463 2793 nunquam
484 2728 658 2793 fallens
676 2766 689 2788 ‚
717 2745 821 2792 quoe
846 2727 911 2775 ad
938 2730 1154 2776 animam

142 2814 298 2879 ipsam
336 2799 766 2878 bene⁶dispositam
789 2812 1034 2876 pertinet,
1079 2820 1153 2859 at-

143 2910 232 2957 que
250 2910 280 2941 a
291 2894 468 2943 Jacobo
485 2892 713 2960 Apostolo
728 2891 945 2950 additur,
963 2891 1154 2956 quando

146 2974 291 3039 hujus
319 2971 626 3025 Sacramenti
649 2990 792 3022 usum
822 2973 1078 3034 describit,
1111 2983 1156 3021 et

145 3058 202 3103 in
223 3066 523 3122 peccatorum
548 3060 827 3107 remissione
847 3073 905 3107 ac
917 3058 1040 3121 fidei
1054 3060 1153 3106 vir—

147 3139 348 3202 tutisque
385 3141 683 3187 munimento
724 3138 978 3188 collocatur
999 3177 1011 3197 ‚
1057 3148 1152 3204 quo

150 3232 394 3281 nunquam
440 3222 597 3285 maqis
622 3237 740 3286 opus
777 3230 844 3267 est
867 3257 879 3278 ‚
923 3237 1069 3285 quam
1098 3223 1153 3268 in

150 3298 261 3344 vitoe
282 3300 497 3363 periculo
528 3310 668 3366 atque
697 3301 957 3349 terroribus
985 3305 1152 3349 mortis

150 3378 216 3426 ad
247 3381 387 3442 iqnea
417 3381 509 3429 tela
546 3382 743 3432 Satanae
762 3422 776 3443 ‚
804 3391 907 3431 tum
944 3385 1154 3431 maxime

150 3463 428 3525 inqruentia
453 3500 466 3523 ,
516 3466 795 3532 repellendo.
839 3468 996 3516 Plures
1041 3468 1156 3516 alios

150 3543 453 3593 Protestantes
477 3550 761 3613 antiquiores
778 3585 791 3608 ,
825 3551 905 3615 qui
944 3550 1156 3598 eamdem

151 3628 387 3673 veritatem
405 3627 593 3691 professi
608 3640 714 3676 sunt
733 3664 748 3690 ,
768 3631 936 3694 profert
949 3630 1155 3679 Serarius

152 3723 224 3770 op.
247 3710 326 3757 cit.
354 3717 448 3756 toto
484 3725 588 3775 cap.
626 3709 675 3759 3.
703 3709 779 3759 Sic
807 3715 947 3760 etiam
984 3711 1154 3760 Esslin·

1231 1354 1315 1405 ger
1332 1341 1382 1386 in
1405 1341 1481 1387 cit.
1502 1337 1734 1404 Apoloqie
1759 1338 1818 1387 de
1843 1338 1891 1386 la
1915 1338 2134 1404 Reliqion
2153 1338 2256 1387 Ca-

1229 1419 1438 1485 tholique
1463 1438 1562 1487 par
1601 1420 1683 1468 des
1714 1428 1909 1468 auteurs
1945 1429 2218 1486 protestans
2239 1459 2252 1481 ,

1232 1499 1259 1568 §
1287 1499 1351 1563 6,
1385 1503 1575 1552 adducit
1614 1505 1874 1552 testimonia
1913 1505 2251 1568 praecipuorum

1232 1595 1475 1634 auctorum
1511 1585 1863 1650 protestantium
1907 1586 2214 1672 recentiorum
2237 1621 2252 1643 ,

1232 1670 1353 1716 inter
1378 1671 1727 1734 quosemineut
1747 1667 1950 1716 Ammon
1967 1705 1980 1727 ,
2013 1671 2205 1731 Augusti
2232 1705 2246 1728 ‚

1233 1750 1583 1800 collaboratores
1620 1749 1941 1815 Ephemeridis
1966 1746 2250 1815 Evangelicae

1235 1831 1576 1895 Berolinensi33
1605 1849 1689 1880 nos
1720 1834 1859 1879 unius
1892 1830 2083 1896 Augusti
2113 1831 2252 1880 verba

1235 1914 1438 1978 proferre
1455 1915 1662 1962 contenti
1682 1917 1871 1960 erimus.
1895 1909 1972 1960 Sic
1997 1929 2132 1977 porro
2151 1912 2250 1960 Au-

1237 1998 1370 2059 gusti,
1384 1998 1570 2044 recitato
1585 2003 1716 2042 textu
1726 1994 1995 2042 Bellarmini
2012 2010 2066 2042 ex
2081 2010 2178 2058 cap.
2197 1990 2227 2041 5
2244 2011 2258 2040 z

1242 2077 1376 2144 Quia
1396 2080 1453 2125 in
1479 2078 1613 2124 exitu
1634 2077 1692 2124 de
1718 2076 1807 2123 hoc
1830 2075 2011 2123 mundo
2038 2077 2253 2123 existunt

1236 2159 1462 2226 speciales
1489 2158 1789 2225 difficultates
1807 2196 1820 2219 ,
1851 2160 2066 2206 instituit
2082 2157 2257 2208 Domi-

1237 2260 1331 2290 nus
1370 2241 1573 2309 speciale
1608 2241 1896 2307 praesidium
1915 2261 1934 2299 ,·
1972 2244 2090 2305 quia
2132 2257 2256 2306 saepe

1237 2325 1433 2383 accidit,
1466 2332 1521 2372 ut
1538 2326 1696 2388 quiin
1719 2325 1943 2371 extremis
1968 2331 2147 2388 ayunt,
2167 2339 2257 2371 nec

1229 2408 1423 2472 possint
1456 2405 1628 2454 audire
1657 2406 1851 2453 verbam
1876 2403 2219 2453 exhortationis
2239 2442 2253 2463 ,

1237 2506 1324 2537 nec
1359 2487 1727 2538 Eucharistiam
1764 2488 2015 2553 percipere
2042 2523 2058 2542 ‚
2101 2487 2256 2533 nimi-

1237 2587 1348 2634 rum
1389 2570 1549 2618 morbo
1587 2569 1780 2632 qravati
1813 2577 1858 2615 et
1891 2584 1985 2615 usu
2027 2583 2258 2614 sensuum

1232 2651 1448 2716 privati3
1475 2650 1654 2712 inunqi
1683 2656 1846 2695 autem·
1878 2655 1924 2695 et
1950 2645 2259 2695 Sacra-menti

1239 2730 1384 2793 hujus
1413 2731 1631 2795 fructum
1662 2730 1910 2795 percipere
1938 2744 2124 2794 semper
2141 2745 2258 2793 pos-

1237 2821 1378 2873 sunt3
1408 2810 1478 2860 his
1498 2849 1511 2871 ‚
1540 2814 1734 2876 inquam
1757 2847 1770 2871 ,
1802 2811 1986 2876 prolatis
2010 2847 2023 2870 ‚
2057 2812 2117 2857 ita
2147 2827 2256 2875 pro-

1237 2897 1443 2961 sequitur
1480 2912 1493 2942 :
1529 2893 1683 2941 ,Nemo
1724 2894 1812 2957 qui
1850 2892 1986 2941 bonoe
2026 2891 2150 2956 fidei
2193 2893 2259 2938 sit

1235 2974 1526 3024 contradicet
1551 2976 1745 3023 veritati
1777 2983 1822 3022 et
1851 2973 2056 3022 bonitati
2085 2972 2256 3021 horum

1190 3120 1193 3122 Ι
1233 3059 1483 3108 verborum
1514 3055 1832 3118 Bellarmini,
1858 3054 2033 3120 quibas
2053 3053 2252 3113 Goeffie,

1238 3139 1634 3190 Chateaubriand
1674 3138 1856 3203 aliique
1901 3137 2116 3186 moderni
2159 3151 2252 3184 au-

1233 3233 1380 3272 ctores
1405 3230 1518 3269 sunt
1545 3221 1772 3269 debitores
1794 3221 1971 3285 primoe
1995 3217 2117 3266 ideoe
2136 3216 2248 3266 illa-

1235 3322 1344 3353 rum
1372 3303 1645 3351 tabularum
1672 3304 1972 3367 poeticarum
1990 3334 2006 3360 ,
2042 3300 2131 3348 ubi
2154 3301 2256 3365 ipsi

1235 3386 1374 3434 nobis
1394 3385 1647 3434 ostendunt
1670 3382 1948 3446 reliqionem
1967 3417 1981 3440 ,
2012 3397 2118 3445 quar
2135 3398 2248 3428 suo-

1235 3484 1347 3516 rum
1375 3468 1800 3516 sacramentorum
1822 3479 1908 3529 ope
1932 3463 2064 3512 ducit
2090 3463 2250 3510 homi-

1238 3567 1345 3597 nem
1388 3565 1539 3596 manu
1564 3544 1875 3594 auxiliatrice
1904 3561 1935 3593 a
1954 3550 2119 3611 primo
2147 3551 2255 3592 orta

1236 3648 1322 3679 suo
1348 3646 1496 3693 usque
1522 3627 1587 3674 ad
1612 3631 1886 3675 interitum.
