2612 4146
581 242 649 278 DE
690 241 810 280 nec.
852 239 1156 278 POTESTATE
1199 239 1545 278 concausam
1588 227 2013 279 mnumnnrus,
2321 215 2356 281 5

1062 382 1468 436 PROPOSITIO
1508 384 1547 434 1.

243 519 360 578 Est
391 523 463 577 in
493 518 766 577 Ecclesia
796 526 1051 594 potestas
1078 537 1118 573 a
1163 515 1392 573 Christo
1430 535 1700 573 concessa
1737 516 2091 593 conferendi
2132 516 2347 576 Indul-v

313 617 550 693 yenti'as
574 656 594 684 ‚.
633 632 961 689 earumque
990 630 1136 668 usus
1161 619 1246 668 est
1274 609 1617 675 Christiano
1642 611 1865 689 populo
1900 615 2166 669 maaime
2193 613 2351 671 salu·

318 712 488 766 taris.
1604 706 1607 709 ’

317 841 373 900 8.
419 840 678 921 Utraque
706 839 1109 922 propositionis
1143 857 1311 918 pam,
1347 837 1435 895 uti
1464 837 1794 912 innuimus,
1824 838 1897 897 de
1933 839 2050 899 fide
2080 851 2201 915 est3
2246 835 2344 900 ex-

236 957 432 1018 presse
472 937 630 994 enim
663 934 982 994 Concilium
1009 930 1452 1004 Tridentinum‚
1479 951 1616 989 seSS.
1659 932 1814 990 XXV
1836 976 1852 1005 ,
1895 933 1957 990 in
1985 933 2219 995 decreto
2267 936 2353 996 de·

238 1026 974 1110 Indulgentiisliaecthabet
1006 1048 1020 1084 ε
1069 1027 1222 1085 Cum
1250 1036 1511 1105 potestas
1552 1027 1900 1104 conferendi
1925 1028 2348 1108 Indquentias

235 1147 275 1183 a
316 1123 870 1191 Christos.Ecclesioe
898 1112 1186 1180 ¹concessa
1235 1128 1349 1195 sit,
1399 1132 1575 1200 atque
1624 1121 1977 1199 hujusmodi
2014 1133 2295 1200 potestate
2314 1169 2348 1196 ,A

235 1224 532 1280 divinitus
558 1219 685 1276 sibi
712 1218 971 1293 tradita,
1004 1217 1445 1296 antiquissimis
1479 1220 1660 1274 etiam
1683 1217 2051 1295 temporibus
2083 1209 2208 1275 illa
2230 1241 2347 1281 usa

225 1319 455 1394 fiterit,
490 1323 868 1372 sacrosancta
896 1313 1174 1391 Synodus
1208 1311 1738 1390 Indalyentiarum
1778 1332 1961 1369 usum
1998 1311 2341 1372 Christiano

220 1410 445 1490 populo
464 1412 727 1467 maxime
743 1408 1074 1465 salutarem
1087 1439 1122 1477 ,·
1138 1416 1194 1484 et
1213 1409 1527 1464 sacrorum
1549 1406 1957 1464 Conciliorum
1984 1411 2340 1467 auctoritate

221 1505 551 1584 probatum
571 1548 587 1576 .,
618 1507 688 1560 in
709 1503 980 1562 Ecclesia
1006 1502 1389 1559 retinendum
1405 1504 1519 1559 esse
1534 1501 1697 1559 docet
1713 1511 1770 1559 et
1789 1505 2112 1580 praecipit⁷
2137 1522 2343 1581 eosque

231 1600 608 1659 anathemate
631 1599 917 1668 damnat,
945 1601 1058 1675 qui
1079 1597 1459 1673 aut'inutiles
1479 1617 1593 1654 esse
1613 1608 1922 1668 asserunt,
1950 1599 2039 1655 vel
2069 1619 2178 1655 eas·
2196 1618 2338 1656 con-

230 1695 478 1754 cedendi
506 1698 574 1751 in
611 1693 881 1751 Ecclesia
904 1702 1247 1771 potestatem
1296 1712 1427 1749 esse.
1447 1702 1685 1770 neyant.
1733 1692 1922 1772 Atque
1960 1692 2023 1748 in
2062 1691 2200 1751 fidei
2241 1713 2340 1752 ca-

223 1788 454 1861 tholicae
480 1788 836 1869 professione
861 1809 894 1845 a
918 1787 1018 1846 Pio
1035 1789 1108 1845 IV
1131 1786 1310 1862 edita,
1330 1786 1516 1846 fidelis
1531 1785 1776 1868 quilibet
1789 1788 2052 1868 profiteri
2076 1799 2334 1865 tenetur,

223 1885 755 1964 Indulqentiarum
767 1893 1114 1963 potestatem
1143 1905 1182 1941 a
1213 1883 1450 1941 Christo
1483 1886 1551 1941 in
1576 1883 1851 1944 Ecclesia
1875 1884 2151 1941 relictam
2179 1904 2294 1942 esse
2311 1929 2344 1958 ,ι

181 1964 184 1966 ,
223 1980 794 2058 illarumqueusam
832 1978 1173 2037 Christiano
1200 1980 1425 2057 populo
1459 1979 1724 2036 maaime
1756 1980 2080 2036 salutarem
2103 2000 2284 2037 esse...

307 2075 364 2131 9.
413 2075 603 2154 Atque
624 2083 690 2131 ut
713 2094 745 2131 a
766 2073 947 2154 priori
971 2073 1379 2154 propositionis
1408 2083 1573 2153 parte
1600 2071 1971 2131 exordiamur
1989 2118 2005 2147 ,
2034 2072 2333 2133 Christum

227 2165 378 2225 hanc
402 2166 738 2226 facultatem
781 2166 1038 2226 Ecclesiae
1076 2166 1706 2248 r'eliquisse'relaxandi
1742 2188 1947 2249 poenas
1979 2168 2331 2249 temporales

219 2263 467 2342 peccatis
506 2262 721 2321 nostris
767 2261 989 2321 debitas
1020 2306 1036 2335 7
1088 2274 1217 2320 tum
1255 2263 1437 2321 Sacrae
1472 2263 1741 2337 Litterae,
1786 2273 1916 2320 tum
1942 2273 2227 2344 perpetua
2268 2273 2330 2322 et

221 2368 490 2429 constans
510 2356 768 2435 ejusdem
790 2357 1050 2416 Ecclesiae
1071 2357 1266 2438 praxis
1291 2357 1747 2416 luculentissime
1771 2359 2070 2418 evincunt.
2109 2357 2324 2416 Matth.

221 2452 377 2510 enim
411 2454 540 2511 XVI
560 2498 575 2527 7
614 2454 686 2511 19
708 2497 725 2526 .,
756 2452 848 2510 ‘ait
868 2451 1147 2511 Christus
1190 2454 1360 2510 Petro
1395 2474 1408 2509 ε
1451 2453 1598 2511 Tibi
1624 2454 1777 2511 daho
1806 2455 1994 2511 claves
2018 2458 2196 2532 regni
2222 2475 2328 2511 cce—

223 2546 442 2605 lorum.
473 2548 560 2605 Et
591 2548 1005 2625 quodcumque
1034 2549 1316 2625 Ziyaveris
1348 2569 1532 2625 saper
1564 2558 1823 2619 terram.)
1853 2551 1969 2604 erit
1993 2550 2247 2625 lzyatum
2271 2557 2330 2604 et

220 2644 288 2697 in
317 2642 475 2699 coelis
491 2664 510 2706 ,·
555 2650 608 2698 et
626 2642 1042 2719 quodcumque
1066 2642 1305 2698 solveris
1323 2661 1506 2718 super
1539 2651 1803 2713 terram,
1839 2645 1956 2699 erit
1982 2643 2242 2699 solutum
2272 2651 2328 2700 et

217 2739 285 2792 in
316 2736 490 2792 coelis.
539 2735 789 2792 Rursum
820 2733 963 2792 ibid.
993 2731 1206 2809 XVIII,
1252 2733 1358 2810 18,
1393 2735 1473 2793 ita
1504 2734 1805 2816 Apostolos
1828 2756 2031 2795 omnes
2060 2735 2271 2794 affatur
2301 2758 2316 2793 :

222 2835 616 2908 Quaecumque
629 2831 1019 2909 alliyaveritis
1031 2851 1213 2908 super
1225 2840 1485 2902 terram,
1510 2841 1694 2889 erant
1712 2832 1896 2910 Ziqata
1910 2842 1965 2889 et
1984 2834 2053 2888 in
2077 2832 2212 2912 coeto
2223 2854 2242 2896 ;
2267 2841 2327 2888 et»

214 2946 601 3004 quaecumque
616 2926 902 2983 solveritis
915 2946 1097 3003 super
1110 2935 1338 2983 terram
1351 2968 1372 2996 ,
1400 2938 1583 2983 erunt
1603 2928 1797 2985 soluta
1815 2937 1874 2984 et
1887 2930 1957 2985 in
1971 2928 2126 2985 coel0.
2148 2924 2319 2983 Unde

213 3020 293 3077 sic
316 3019 726 3077 ratiocinamur
756 3040 770 3076 ε
814 3019 862 3077 si
877 3019 1089 3078 Christi
1106 3018 1286 3078 verba
1309 3020 1371 3078 in
1398 3019 1753 3101 amplissima
1778 3043 1879 3080 sua
1904 3021 2316 3100 significat-ione

214 3115 565 3193 accipiantur
584 3159 599 3189 ,
632 3136 752 3172 non
783 3114 975 3173 solum
997 3113 1344 3173 solutionem
1368 3136 1399 3172 a
1423 3115 1590 3197 culpa
1609 3127 1667 3174 et
1682 3137 1858 3197 poena
1874 3126 2088 3175 aeterna
2105 3115 2317 3193 signifi·

215 3220 349 3267 cant
368 3254 384 3283 ‚
415 3230 617 3269 verum
643 3210 819 3268 etiam
840 3231 873 3268 a
896 3231 1069 3290 poena
1093 3208 1423 3292 temporali,
1456 3231 1606 3290 quae,
1628 3210 1878 3292 culpaet
1896 3231 2072 3292 poena
2099 3221 2316 3270 aeterna

216 3301 495 3380 dimissiS‚
546 3303 760 3376 luenda
795 3316 1075 3385 superest.
1124 3306 1256 3363 Jam
1303 3326 1440 3366 vero
1481 3305 1557 3364 ad
1590 3306 1772 3365 solam
1810 3305 1991 3386 culpae
2024 3326 2090 3364 ac
2125 3324 2314 3387 poenae

215 3406 438 3455 aeternae
462 3397 806 3457 solutionem
830 3399 1104 3458 coarctari
1133 3397 1344 3460 debere
1371 3400 1585 3459 Christi
1617 3401 1794 3462 verba
1819 3421 2124 3481 nunquam
2150 3400 2310 3461 evin-

212 3501 346 3549 cent
373 3490 700 3575 adversarii.
730 3495 880 3553 Nam
906 3494 1026 3556 haec
1058 3494 1509 3576 circumscriptio
1545 3496 1667 3557 sive
1698 3495 2004 3553 coarctatio
2026 3515 2217 3575 neque
2244 3513 2316 3553 ex

213 3583 408 3645 verbis
446 3585 619 3664 ipsis,
653 3609 844 3669 neque
886 3610 956 3647 ex
1002 3589 1274 3648 orationis
1308 3590 1488 3664 serie,
1521 3609 1712 3669 neque
1733 3609 1819 3647 ‘ex
1851 3588 1976 3647 aliis
2004 3590 2320 3670 Scriptura&

168 3762 173 3768 .
210 3677 349 3737 locis
390 3677 573 3757 colligi
615 3692 842 3760 potest3
880 3702 1011 3740 cum
1048 3682 1227 3744 verba
1271 3694 1330 3743 et
1366 3693 1668 3742 contextus
1701 3682 1937 3744 cuilibet
1963 3675 2310 3744 restrictioni
