2508 4120
335 124 458 184 212

972 138 1288 182 TRAGTATUS
1333 143 1402 178 DE
1449 141 1824 183 Hammonio-

333 311 405 350 ex
443 288 531 347 his
564 282 873 344 Durandus
916 282 1158 343 ulterius
1200 305 1534 366 progressus
1568 295 1769 366 aperte
1801 297 1976 364 negat
2007 289 2446 351 Matrimonium

333 405 455 445 esse
481 383 920 440 Sacramentum
938 425 954 455 7
985 380 1131 440 sicut
1156 401 1226 440 ex
1260 380 1516 462 professo
1542 380 1781 440 inficiati
1808 389 1946 439 sunt
1979 382 2301 448 Canonistae
2323 410 2447 447 non

330 478 517 561 pauci⁴
553 477 716 555 Ergo.

408 572 509 630 20.
559 574 732 653 Resp.
767 570 914 652 Neq.
942 573 1256 652 subsump.
1302 572 1390 632 Ad
1417 572 1496 630 1¹1¹
1530 570 1701 655 prob.
1736 573 2080 647 Disa‘Quin
2116 585 2315 636 tamen
2338 602 2448 640 ne-

327 668 591 749 gaverint
623 668 1062 726 Matrimonium
1098 690 1219 728 esse
1257 669 1701 728 Sacramentum
1723 714 1739 742 7
1784 690 1988 737 eonc.;
2026 692 2220 748 secus,
2261 685 2447 736 trane.

326 765 565 823 Certum
607 763 767 826 enim
792 774 880 822 est
895 809 916 836 7
966 765 1028 822 κο
1072 785 1275 823 omnes
1304 764 1624 844 Theologos
1665 763 1964 826 admisisse
2011 768 2450 829 Matrimonium

325 871 609 940 tanquam
641 880 827 917 unum
867 880 937 918 ex
972 870 1199 941 septem
1234 859 1496 919 Ecclesiae
1529 860 1911 919 Sacramentis
1957 882 1991 919 a
2025 862 2253 923 Christo
2279 864 2450 924 insti·

324 956 501 1028 tutis3
541 955 608 1012 20
641 965 869 1013 certum
900 965 987 1014 est
1019 966 1299 1036 praeterea
1323 1000 1339 1030 7
1368 954 1732 1014 scholasticos
1769 977 1971 1015 omnes
2006 978 2139 1022 cum
2175 961 2447 1039 Magistro

324 1050 750 1111 sententiarum
797 1049 907 1108 hoc
937 1050 1241 1129 agnovisse
1271 1048 1585 1110 discrimen
1628 1052 1784 1110 inter
1827 1052 2199 1112 Sacramenta
2234 1056 2449 1114 veteris

318 1146 458 1227 legis
485 1156 542 1205 et
563 1147 935 1204 Sacramenta
958 1166 1128 1205 novae
1150 1144 1289 1224 legis
1310 1191 1326 1219 7
1354 1145 1510 1228 quod
1533 1146 1643 1205 ista
1672 1151 1991 1226 conferant
2014 1154 2288 1228 qratiam
2306 1196 2323 1220 ,
2352 1150 2451 1210 illa

324 1254 522 1302 autem
552 1241 798 1321 gratiam
823 1251 1058 1299 tantum
1083 1243 1530 1321 szyrezficarent;
1556 1241 1621 1300 3⁰
1655 1254 1881 1302 certum
1907 1243 2152 1303 demum
2179 1255 2296 1322 est,
2326 1248 2450 1304 Du·

320 1336 576 1397 randum
616 1336 768 1395 male
807 1336 1092 1396 audivisse
1123 1348 1407 1418 tanquam
1440 1336 1784 1397 haereticum
1804 1383 1819 1413 7
1865 1360 1932 1397 eo
1963 1338 2122 1420 quod
2150 1341 2452 1420 negaverit

320 1434 762 1496 Matrimonium
789 1454 910 1492 esse
935 1434 1415 1509 Sacramentum3
1439 1434 1519 1492 ita
1549 1445 1613 1492 ut
1635 1435 1697 1492 in
1723 1433 1990 1494 secundis
2023 1435 2172 1493 curis
2202 1458 2449 1517 operum

319 1552 590 1606 suorum,
617 1529 694 1589 ad
715 1529 869 1588 hanc
898 1528 1134 1588 haeresis
1169 1529 1456 1587 invidiam
1495 1528 1907 1588 declinandam
1931 1575 1947 1603 7
1992 1529 2291 1591 admiserit
2321 1534 2450 1592 Ma·

316 1625 660 1685 trimonium
704 1645 827 1684 esse
870 1625 1343 1696 Sacramentum,
1390 1625 1500 1683 etsi
1537 1646 1671 1683 cum
1714 1625 2016 1684 nonnullis
2067 1625 2191 1685 aliis
2237 1627 2444 1687 coaevis

321 1721 622 1801 Theologis
649 1719 945 1798 negaverit
972 1719 1238 1778 conferre
1272 1720 1538 1798 gratiam.
1572 1721 1695 1778 Iino
1725 1738 1916 1803 neque
1945 1721 2055 1780 hoc
2084 1720 2323 1803 quidem
2350 1721 2450 1781 ab·

319 1817 507 1876 solute
542 1815 857 1875 affirmavit
878 1859 893 1889 7
933 1836 1000 1873 eo
1036 1813 1195 1895 quod
1228 1814 1411 1895 ipsius
1449 1816 1738 1874 sententia
1760 1862 1776 1891 7
1814 1828 1881 1874 ut
1905 1816 2155 1897 ipsemet
2185 1839 2307 1877 non
2333 1817 2449 1876 dif-

318 1915 551 1986 fitetur,
582 1911 884 1970 communi
909 1909 1335 1989 Theologorum
1365 1910 1548 1969 {etatis
1572 1932 1687 1970 suae
1712 1912 1990 1971 doctrinae
2018 1912 2448 1987 adversaretur,

320 2008 422 2069 sed
448 2007 637 2067 solum
662 2018 727 2065 ut
747 2007 1131 2086 probabilem
1154 2005 1217 2063 in
1251 2006 1513 2065 medium
1536 2007 1781 2088 protulit
1808 2008 1922 2088 (l).
1957 2009 2091 2068 Haec
2120 2031 2291 2090 porro
2316 2030 2450 2069 cum

321 2116 445 2163 rata
474 2115 534 2162 et
562 2102 858 2183 explorata
894 2103 1013 2159 sint
1037 2146 1053 2174 7
1087 2111 1274 2182 patet,
1298 2103 1757 2160 controversiam
1782 2104 1934 2161 verti
1967 2104 2031 2161 in
2066 2106 2446 2183 quaestionem

319 2199 575 2258 criticam
594 2243 609 2271 7
650 2196 791 2278 quid
827 2217 1042 2276 nempe
1075 2194 1185 2252 sibi
1222 2195 1517 2254 voluerint
1548 2196 1872 2255 scholastici
1900 2219 2007 2279 per
2038 2197 2200 2256 illam
2230 2199 2447 2258 formu·

318 2294 438 2353 lam
475 2317 487 2351 :
536 2291 974 2352 Matrimonium
1006 2290 1343 2348 institutum
1370 2291 1560 2349 solum
1594 2313 1717 2350 esse
1749 2295 1820 2350 in
1858 2294 2188 2352 remedi-um
2223 2316 2448 2353 coneu-

308 2393 643 2471 piseentioe.
675 2387 860 2446 Estius
876 2386 1197 2461 existimat,
1222 2385 1591 2445 scholasticos
1612 2386 1833 2446 locutos
1859 2410 1982 2447 esse
2009 2390 2080 2448 de
2096 2394 2451 2470 principali

307 2486 431 2564 fine
468 2488 586 2545 sive
613 2484 818 2563 effectu
835 2484 1218 2541 Sam-amenti
1223 2486 1397 2559 Juxta
1424 2483 1740 2541 constituta
1758 2482 1832 2542 ab
1859 2483 1998 2565 ipsis
2023 2485 2310 2568 principia
2331 2486 2442 2567 (2).

1423 2664 1487 2727 git
1519 2679 1533 2710 τ
1571 2661 1808 2711 Moderni
1832 2672 1991 2711 autem
2041 2662 2284 2727 Theoloqi
2306 2666 2449 2728 quasi

1422 2746 1737 2790 communiter
1768 2753 1927 2791 tenent
1948 2781 1961 2802 7
1992 2744 2117 2807 quod
2135 2761 2228 2809 per
2265 2743 2443 2792 Sacra-

389 2664 458 2729 (1)
495 2665 590 2713 Csr.
628 2663 684 2712 D.
722 2663 934 2712 Durandi
972 2682 998 2711 a
1026 2661 1078 2711 S.
1115 2662 1339 2710 Porciano

321 2746 438 2796 Ord.
465 2747 616 2796 Praed.
643 2757 687 2795 et
702 2746 856 2811 Episc.
887 2746 1135 2794 Meldensis
1154 2782 1167 2804 7
1192 2748 1242 2792 in
1259 2745 1341 2792 Pe-

322 2832 381 2879 tri
423 2828 675 2877 Lombardi
701 2828 995 2886 Sententias,
1036 2833 1125 2874 etc.
1169 2826 1338 2874 Venet.

326 2910 474 2971 1581,
510 2909 597 2958 lib.
629 2927 710 2969 ιν,
753 2911 861 2957 dist.
908 2906 974 2955 26
1010 2944 1025 2967 7
1079 2916 1242 2972 quaest.
1279 2908 1338 2965 3,

322 2994 406 3043 fol.
449 2991 542 3057 367
577 3007 737 3051 verso,
786 3008 918 3038 num.
954 2987 1019 3050 5,
1065 2989 1147 3036 ubi
1188 2997 1342 3053 aperte

322 3076 482 3126 scribit
506 3093 518 3123 :
555 3072 838 3122 Tenendum
873 3081 941 3120 est
965 3070 1198 3131 absolute,
1216 3070 1343 3135 quod

320 3157 695 3206 Matrimonium
719 3163 788 3203 est
807 3151 1203 3211 Sacramentum,
1232 3169 1342 3199 cum

316 3239 408 3290 ,hoe
443 3240 719 3288 determinet
747 3235 964 3286 Ecclesia
998 3235 1132 3282 Extra
1164 3235 1221 3282 de
1250 3235 1343 3282 hae-

322 3325 474 3370 reticis
505 3360 517 3381 ,
562 3321 647 3368 ubi
688 3327 908 3366 numerat
961 3317 1339 3364 Matrimonium

321 3404 449 3450 inter·
473 3403 572 3451 alia
595 3400 912 3450 Sacramenta
936 3417 953 3460 ,-
974 3409 1017 3447 et
1047 3417 1077 3446 n
1093 3432 1106 3446 .
1126 3397 1158 3446 8
1174 3434 1188 3459 ,
1211 3399 1337 3464 quod

1422 2832 1636 2872 mentum
1656 2825 1973 2873 Alatrimonii
1991 2825 2235 2888 confertur
2257 2829 2439 2890 qratia,

1422 2908 1524 2953 nisi
1553 2906 1882 2954 contrahentes
1907 2916 2097 2972 ponant
2129 2908 2306 2956 obicem
2328 2948 2339 2965 7
2373 2913 2442 2957 si-

1422 2999 1507 3037 eut
1543 2990 1602 3052 fit
1632 2991 1690 3036 in
1715 2989 1828 3037 aliis
1859 2987 2219 3051 Sacramentis,
2263 2992 2441 3056 quibus

1422 3073 1751 3136 oequiparatur
1778 3069 2144 3122 Sacramentum
2186 3072 2441 3123 Matrimo-

1395 3155 1505 3210 ,nii
1533 3155 1586 3201 in
1615 3154 1700 3202 hoc
1734 3172 1850 3207 caea
1875 3193 1888 3215 7
1920 3157 2037 3220 quia
2070 3173 2165 3204 non
2203 3158 2443 3205 videretur

1423 3235 1483 3284 ab
1497 3238 1709 3302 eisposse
1722 3238 1894 3298 teneri,
1915 3238 2046 3302 quod
2063 3239 2441 3288 Matrimonium

1421 3321 1487 3367 sit
1521 3319 1886 3367 Sacramentum
1916 3336 2052 3370 novoe
2079 3321 2213 3385 leqie.

1492 3401 1557 3465 (⁰2)
1596 3401 1673 3450 Sic
1715 3405 1842 3450 enim
1878 3403 2037 3450 scribit
2066 3406 2115 3451 in
2158 3401 2191 3466 4
2216 3439 2230 3463 ,
2266 3403 2312 3450 d.
2347 3398 2437 3460 26,

322 3487 483 3533 attinet
508 3484 566 3532 ad
590 3484 881 3532 collationem
910 3483 1062 3546 gratiae
1082 3514 1097 3541 ,
1133 3483 1334 3544 exposita
1417 3481 1444 3548 ἓ
1473 3500 1542 3549 9:
1581 3483 1666 3531 Ad
1706 3482 1827 3531 illud
1848 3485 1975 3548 quod
2002 3494 2050 3532 2³
2072 3485 2285 3532 distinct.
2323 3481 2443 3531 dicit

324 3568 548 3616 sententia
589 3566 944 3614 Canonistarum
967 3602 978 3624 7
1014 3564 1070 3611 de
1093 3581 1183 3629 qua
1224 3580 1330 3626 pro·
1416 3563 1664 3630 (Magister
1679 3565 1886 3614 Sentent.
1910 3567 1946 3630 ),
1967 3566 2244 3632 conjuqium
2265 3580 2362 3611 esse
2385 3565 2441 3610 in

320 3651 478 3701 fitetur
501 3666 548 3698 se
569 3647 688 3696 nihil
721 3647 838 3697 velle
867 3648 1174 3713 pronunciare
1189 3682 1203 3707 ‚
1231 3662 1337 3710 per·
1421 3646 1686 3696 remedium
1699 3657 1888 3698 tantum
1907 3683 1924 3714 ,
1945 3665 2044 3697 non
2061 3645 2439 3714 improbabiliter
