2612 4146
2110 172 2192 232 73

503 208 636 253 ‚CAR
683 207 744 245 11.
790 208 848 243 m
892 206 1038 244 snm.
1088 203 1326 242 SAGRAM.
1370 201 1567 253 mmm,
1612 199 1734 236 E'rc.

90 373 218 411 mus
243 394 259 424 .,
308 347 632 427 subJeetum
653 348 824 425 hujus
851 345 1206 406 Sacramenti
1242 364 1365 403 esse
1400 337 1853 419 infirmosgravi
1876 334 2082 395 morbo
2112 335 2197 394 la-

91 447 364 505 borantes
385 489 400 518 ,
432 466 553 503 non
582 445 663 501 ita
677 442 798 501 haec
821 439 1155 522 accipienda
1176 449 1312 497 sunt
1328 483 1346 514 ,
1375 448 1442 496 ut
1471 438 1534 495 in
1560 433 1832 495 extremis
1849 476 1867 508 ‚
1894 442 1963 490 ut
1990 431 2158 490 aiunt
2176 476 2193 504 a

93 540 418 598 constitutis
434 537 644 598 debeat
655 537 765 595 hoc
780 538 1216 596 Sacramentum
1231 531 1645 592 administrari.
1665 532 1801 589 Haec
1816 526 1973 588 enim
1987 524 2199 605 agendi

93 636 240 693 ratio
271 645 359 693 est
397 644 597 692 contra
636 630 898 691 Ecclesiae
932 640 1193 689 mentem
1227 628 1325 708 (l)
1354 638 1415 686 et
1463 637 1666 685 contra
1698 619 2199 683 finem-secunda-

94 728 246 786 rium
262 725 521 805 ejusdem
539 727 894 785 Sacramenti
909 770 927 800 .,
953 720 1290 783 conferendi
1306 719 1522 779 scilieet
1535 720 1846 778 sanitatem
1865 763 1881 793 .,
1914 718 1962 777 si
1982 716 2194 776 animae

100 822 269 881 saluti
305 821 611 902 expediat3
655 842 787 880 cum
810 820 971 880 enim
998 820 1440 877 Sacramentum
1470 835 1592 873 non
1613 812 1898 895 producat
1923 812 2082 871 hunc
2109 810 2196 871 ef—

97 916 314 975 fectum
347 937 453 996 per
487 914 728 974 modum
751 912 1044 987 miraculi,
1074 932 1197 968 non
1223 910 1302 968 ita
1329 906 1506 968 debet
1527 906 1783 980 differri,
1804 907 1992 967 donec
2017 907 2199 965 mira-

100 1011 299 1070 culum
324 1011 710 1070 necessarium
735 1011 829 1068 sit.
855 1010 956 1067 Est
971 1016 1260 1090 praeterea
1291 1005 1414 1065 haec
1441 1005 1636 1087 praxis
1661 1004 1981 1087 perniciosa
2004 1050 2022 1079 .‚
2041 1037 2045 1064 -,
2064 1025 2200 1064 cum

94 1127 168 1164 ex
204 1104 486 1183 ejusmodi
513 1104 797 1164 dilatione.
816 1103 950 1175 fiat,
966 1113 1034 1160 ut
1059 1100 1279 1182 absque
1294 1100 1405 1159 hoc
1438 1097 1677 1161 salutari
1698 1100 2070 1159 Sacramento
2103 1099 2200 1158 in-

94 1201 297 1259 firmus
319 1221 351 1259 e
367 1199 520 1261 'vivis
539 1219 661 1257 non
682 1195 862 1257 semel
882 1195 1125 1256 excedat
1138 1240 1156 1272 ,
1174 1205 1275 1255 aut
1297 1197 1737 1256 Sacramentum
1760 1193 2000 1275 recipiat
2019 1238 2036 1268 a
2065 1214 2200 1252 eum

96 1293 359 1355 sensibus
394 1293 701 1353 destitutus
753 1303 875 1367 est,
901 1313 968 1352 ac
994 1291 1240 1374 proinde
1274 1292 1399 1351 sine
1425 1289 1787 1350 contritionis
1815 1288 2068 1363 actibu83
2099 1287 2205 1349 de-

97 1411 260 1449 mum
300 1411 503 1448 ansam
540 1387 764 1471 praebet
797 1388 1081 1448 haereticis
1126 1387 1434 1447 Ecclesiam
1473 1383 1908 1459 calumniandi,
1956 1383 2204 1467 perinde

96 1505 162 1543 ac
199 1484 246 1542 si
276 1483 402 1566 ipsa
437 1482 791 1566 pinguedine
820 1504 922 1543 sua
948 1528 966 1560 ,
1012 1494 1080 1543 ut
1116 1482 1376 1564 loquitur
1425 1481 1726 1554 CalvinuS,
1774 1478 2203 1543 semicadavera

93 1578 309 1637 inficiat
334 1578 446 1659 (2).

176 1673 276 1731 44.
323 1673 431 1732 Hic
472 1672 780 1736 observare
804 1674 1024 1755 juverit
1043 1718 1060 1749 ‚
1097 1694 1219 1732 non
1257 1694 1489 1755 semper
1523 1671 1797 1733 eumdem
1835 1669 2101 1731 ordinem
2139 1670 2206 1728 in

98 1767 341 1827 Ecclesia
390 1768 638 1851 viguisse
686 1770 834 1829 circa
868 1769 1041 1849 hujus
1086 1769 1443 1829 Sacramenti
1482 1767 2068 1828 administrationem.
2127 1766 2207 1824 Ut

100 1861 420 1943 plurimum
447 1864 604 1924 enim
630 1865 952 1946 antiquitus
985 1875 1123 1925 ante
1150 1865 1427 1925 viaticum
1450 1862 1858 1924 conferebatur
1875 1907 1892 1937 a
1934 1873 2002 1920 ut
2033 1859 2206 1920 allata

101 1979 134 2014 a
163 1956 332 2016 nobis
356 1958 704 2019 documenta
737 1959 1089 2033 ostendunt3
1120 1959 1419 2019 interdum
1441 1959 1619 2019 etiam
1639 1970 1772 2040 post
1803 1958 2078 2019 viaticum
2098 2002 2115 2032 7
2140 1965 2206 2014 ut

95 2052 164 2108 -in
193 2053 498 2132 praesentia
523 2054 874 2133 ⁴gravissimis
896 2053 969 2113 de
991 2055 1172 2113 causis
1199 2076 1334 2112 usus
1361 2052 1588 2113 obtinet
1615 2052 1726 2133 (3).

182 2145 277 2205 45.
324 2147 443 2206 vll.
475 2150 724 2208 Demum
743 2148 1013 2209 effectum
1034 2148 1206 2228 hujus
1229 2149 1590 2210 Sacramenti
1608 2147 1778 2208 docet
1793 2147 2206 2209 Tridentinum

100 2311 175 2359 liv.
195 2329 240 2373 v,
263 2311 404 2377 ehap.
433 2312 462 2360 3
483 2350 496 2372 ‚
526 2314 607 2362 ubi
623 2320 836 2379 praeterea
853 2315 1100 2374 observat,

102 2391 390 2458 presbyteros
446 2397 690 2444 orientales
744 2414 878 2462 super
917 2407 1104 2462 aegrotos

107 2478 288 2521 tantum
310 2477 500 2524 recitare
525 2479 750 2526 orationes
770 2515 784 2537 ‚
811 2478 979 2544 quibus
1004 2478 1105 2527 Un-

107 2555 198 2600 ctio
226 2553 563 2603 sacramentalis
596 2558 839 2605 adhibetur
858 2575 880 2625 ς(
915 2562 1108 2607 minime

110 2652 214 2682 vero
247 2636 427 2684 easdem
461 2641 672 2695 recitare,
692 2657 798 2687 cum
812 2658 946 2688 sanos
965 2659 1108 2689 mun-

105 2728 235 2781 gunt.
271 2717 371 2767 Csr.
411 2722 545 2768 etiam
575 2719 795 2778 Genius,
840 2720 1116 2788 Eucholoq.·

105 2814 205 2863 pag.
238 2796 335 2861 432
365 2810 408 2848 et
444 2797 559 2866 728.

174 2880 234 2943 (1)
273 2880 377 2929 Haec
400 2892 659 2946 congruunt
680 2900 785 2930 cum
803 2885 886 2943 iis,
905 2901 1010 2949 quae
1025 2885 1110 2933 do-

104 2971 174 3009 cet
193 2961 507 3011 Cateehismus
536 2963 672 3012 Rom.
700 2976 817 3029 part.
842 2983 878 3013 11
892 2999 910 3027 ‚
937 2965 1110 3032 cap.‚6‚

106 3040 132 3106 §
158 3058 191 3107 9
223 3059 239 3090 ε
273 3045 340 3091 In
361 3061 451 3108 quo
478 3047 760 3109 ymnis-sime
773 3057 1007 3112 peccant,
1025 3051 1112 3113 qui

107 3121 230 3169 illud
252 3131 433 3190 tempus
452 3129 619 3191 aeqroti
632 3128 846 3192 unqendi
863 3129 1110 3178 observare

107 3202 270 3263 solent,
279 3209 492 3272 cumJ'am
505 3211 640 3257 omni
647 3209 816 3257 salutis
824 3228 905 3276 spe
913 3213 1107 3268 amissa,

109 3286 210 3331 vita
235 3292 280 3331 et
297 3288 512 3337 sensibus
537 3308 696 3339 carere
724 3294 934 3358 incipiat
943 3310 966 3354 ,·
994 3310 1108 3342 con-

112 3372 203 3411 stat
233 3367 362 3413 enim
392 3369 457 3416 ad
494 3372 768 3422 uberior-um
811 3374 1113 3423 Sacramenti

107 3448 318 3510 qratiam
343 3452 700 3516 percipiendam
726 3455 999 3522 plurimum
1025 3473 1110 3505 va-

111 3528 202 3576 lere
227 3567 241 3589 ,
272 3531 318 3576 si
352 3540 582 3595 oeqroiu3‚
621 3553 728 3584 cum
772 3540 828 3585 in
873 3556 924 3587 eo
956 3538 1112 3587 adhuc

111 3613 300 3676 imeyra
334 3629 465 3660 mens
488 3623 530 3661 et
547 3619 670 3666 ratio
699 3620 853 3682 vi9et‚
877 3620 1113 3685 fidemque

113 3699 156 3738 et
173 3693 446 3758 reliqiosam
465 3697 623 3744 animi
632 3697 926 3749 voluntatem
943 3703 1115 3768 afferre

106 3783 283 3839 potest,
314 3795 447 3829 sacro
468 3779 564 3831 oleo
584 3782 805 3833 liniatur.

1262 2315 1325 2379 (2)
1360 2313 1437 2363 Sic
1448 2316 1573 2363 enim
1591 2314 1815 2380 loquitur,
1834 2310 2004 2362 Instit.
2029 2313 2117 2364 lib.
2142 2328 2205 2373 lv,

1189 2415 1296 2460 cap.
1333 2410 1396 2463 19
1413 2434 1426 2457 ,
1443 2395 1470 2462 ᾗ
1487 2413 1515 2443 2
1532 2413 1549 2444 1
1578 2414 1591 2444 :
1609 2393 1707 2443 Isti
1723 2395 1962 2459 (Catholici
1978 2398 2107 2457 )non
2125 2395 2206 2442 in·-

1185 2480 1381 2542 fi'rmo3‚
1410 2479 1492 2526 sed
1520 2480 1829 2526 semimortua
1852 2475 2087 2526 cadavera
2116 2491 2207 2523 sua

1184 2559 1483 2625 pinquedine
1514 2560 1723 2623 ‘infinum
1748 2595 1762 2616 ‚
1813 2574 1964 2622 quum
1994 2559 2209 2624 jamjam

1193 2642 1363 2688 anima
1388 2643 1445 2687 in
1467 2640 1765 2706 primoribus
1792 2638 1942 2687 labris
1990 2638 2204 2695 laborat,

1193 2721 1269 2770 vel
1300 2725 1390 2786 (ut
1418 2724 1519 2788 ipsi
1549 2721 1847 2787 loquuntur)
1875 2723 1932 2768 in
1964 2723 2207 2770 extremis.

1196 2802 1409 2852 Ceterum
1445 2821 1499 2852 ex
1533 2805 1734 2869 antiquis
1776 2803 2065 2852 documentis
2101 2821 2210 2869 pro-

1196 2885 1298 2932 latis
1333 2903 1359 2932 a
1386 2884 1608 2933 Menardo
1645 2895 1690 2932 et
1718 2884 1943 2933 Martenio
1971 2884 2086 2935 loris
2110 2888 2208 2935 citt.

1195 2978 1407 3029 constat,
1438 2968 1688 3017 Ecclesiam
1717 2971 2007 3017 consuevisse
2045 2969 2209 3017 Sacra·

1195 3056 1412 3098 mentum
1438 3050 1529 3098 hoe
1545 3049 1863 3100 administrare
1885 3088 1898 3111 ‚
1919 3056 2026 3099 cum
2052 3050 2210 3098 fideles

1193 3124 1244 3180 in
1288 3148 1472 3196 gravem
1521 3131 1737 3181 morbum
1778 3134 2066 3182 incidissent.
2105 3131 2206 3180 Cfr.

1194 3213 1370 3262 Bened.
1388 3230 1470 3261 xlv
1489 3252 1503 3273 ,
1524 3213 1614 3262 loe.
1640 3216 1720 3262 cit.
1740 3232 1843 3280 cap.
1874 3232 1901 3280 7
1922 3212 1978 3279 ‚§
2004 3230 2021 3260 1
2046 3223 2205 3279 etseq.

1265 3294 1328 3357 (3)
1366 3294 1462 3342 cfr.
1490 3295 1665 3343 Bened.
1691 3313 1768 3343 xlv
1788 3333 1800 3355 ,
1819 3296 1905 3343 loc.
1924 3297 2004 3343 eit.
2035 3312 2139 3359 cap.
2155 3293 2204 3357 8,

1197 3377 1349 3443 quide
1364 3374 1452 3425 hoc
1470 3380 1780 3442 copiosissime
1795 3376 1996 3441 disputat
2014 3393 2029 3439 ;
2054 3395 2207 3443 neque

1196 3478 1379 3509 necesse
1426 3471 1495 3509 est
1519 3460 1649 3524 plura
1682 3475 1941 3522 congerere.
1985 3458 2204 3509 Bellarm.

1198 3561 1383 3608 quoque
1402 3580 1415 3599 ‚
1459 3544 1537 3589 De
1566 3549 1668 3588 arte
1694 3541 1808 3588 bene
1824 3541 2063 3589 moriendi
2079 3580 2094 3603 ‚
2123 3542 2205 3589 lib.

1199 3639 1232 3673 ιι
1250 3663 1263 3685 ,
1292 3643 1394 3690 cap.
1425 3641 1476 3688 7,
1510 3625 1656 3672 varias
1677 3623 1946 3689 disciplinas,
1964 3641 2066 3692 quae
2080 3640 2208 3673 nune

1202 3706 1380 3756 obtinet
1403 3744 1415 3767 ‚
1432 3708 1626 3754 rationes
1646 3705 1795 3755 affert.
