2508 4120
634 166 756 203 CAP.
809 165 890 204 lv.
941 167 1008 203 DE
1053 166 1429 205 MA‘rnfflolvns
1475 168 1683 205 nixus·

2099 151 2212 210 407

103 327 370 367 normam
407 306 526 386 (l),
564 308 692 366 tum
735 306 988 388 denique
1026 308 1160 389 quia
1193 307 1357 367 nullo
1390 308 1664 391 scrupulo
1694 322 1989 391 anguntur
2013 311 2075 370 in
2105 311 2210 371 ho-

103 401 403 461 nestandis
429 403 650 482 nuptiis
681 423 882 460 eorum
902 446 920 477 ,
946 402 1046 483 qui
1072 402 1402 463 detrectant
1426 426 1486 463 se
1517 403 1775 484 obligare
1807 405 1882 464 ad
1912 406 2221 466 instituen-

102 496 240 556 dam
259 495 486 579 prolem
508 496 570 553 in
584 516 675 570 ea,
690 517 866 576 quam
883 506 1113 567 vocant,
1139 495 1415 575 religione
1437 501 1793 579 evanyelioa.
1822 500 1948 558 Huc
1972 499 2215 571 accedit,

99 690 148 735 in
176 661 537 751 independentia
560 685 768 734 absoluta
807 687 997 734 rationis
1033 703 1112 735 seu
1197 704 1300 752 pag.
1324 702 1403 754 ¹9,
1432 687 1575 738 Paris.
1610 686 1767 745 1838,
1798 689 1992 755 loquens
2014 690 2072 739 de
2089 707 2224 756 opere

99 768 284 829 spiritus
327 768 490 830 privati
541 784 567 814 a
611 768 776 832 quavis
816 767 1112 823 auctoritate,

1195 769 1376 819 Strauss
1396 807 1410 829 ,
1438 772 1539 821 haec
1575 772 1716 821 habet
1738 789 1752 820 τ
1778 771 2223 839 Enfin,l'oworaqe

98 851 195 897 sive
219 850 270 896 in
302 848 614 915 dijudicandis
650 847 778 898 libris
812 851 1045 898 canonicis
1073 860 1118 897 et
1196 850 1264 898 du
1286 851 1564 916 profhsseur
1588 852 1646 900 de
1677 852 1940 917 Trebiaque
1970 871 2002 902 a
2032 863 2222 904 sarton!

99 931 331 994 inspiratis
364 948 390 978 a
438 947 534 977 non
567 932 804 978 canonicis
832 940 876 978 et
917 947 1014 978 non
1040 931 1114 977 in-

1198 949 1268 980 un
1304 934 1468 998 qrand
1499 951 1609 982 sens
1655 950 1834 983 comme
1876 935 2094 984 derniere
2137 953 2219 1001 sat-

98 1012 255 1075 piratis
278 1048 291 1071 ,
340 1012 436 1060 sive
485 1013 535 1058 in
582 1028 718 1059 sensu
762 1010 1116 1060 determinando
1188 1016 1413 1080 pression
1441 1015 1499 1063 de
1525 1015 1710 1082 l’esprit
1737 1017 2214 1083 duprotestantisme.

99 1093 264 1140 horum
294 1092 539 1142 librorum.
569 1091 704 1141 Haud
742 1092 878 1157 plane
921 1095 1082 1158 ignoro
1100 1130 1113 1151 ‚

99 1176 259 1240 viginti
308 1175 479 1224 aliosve
525 1175 712 1223 fortasse
767 1175 920 1240 plures
966 1177 1119 1223 insur-

102 1258 271 1305 rexisse
290 1273 347 1305 ex
374 1256 737 1314 protestantibus
753 1294 766 1317 ,
784 1255 868 1322 qui
884 1256 1118 1304 calamum

100 1341 307 1386 acuerint
338 1339 553 1386 adversus
596 1337 775 1386 Strauss
795 1374 809 1397 ,
843 1347 897 1385 ut
921 1339 988 1385 sic
1015 1355 1120 1402 pro-

99 1422 436 1467 testantismum
449 1419 508 1467 ab
521 1419 611 1467 bac
622 1421 868 1485 impietatis
880 1429 989 1466 nota
1004 1418 1121 1467 libe-

99 1510 280 1561 rarent;
308 1512 375 1549 ast
391 1511 436 1549 et
449 1501 567 1549 illud
581 1502 710 1564 novi,
731 1518 828 1548 nou
842 1502 932 1549 nisi
945 1497 1120 1552 infelici

97 1597 281 1644 prorsus
331 1583 457 1629 exitu
500 1582 548 1629 id
607 1599 684 1630 eos
730 1583 987 1647 praestitisse
1040 1586 1121 1630 aut

99 1671 308 1725 praestare
343 1679 470 1728 posse
505 1680 560 1710 ex
598 1664 691 1710 suis
718 1663 975 1727 principiis.
1000 1660 1119 1708 Nam

98 1740 279 1792 Strauss
297 1761 406 1792 usus
426 1754 493 1793 est
505 1747 610 1810 jure
627 1763 711 1792 suo
730 1782 744 1805 ,
765 1762 847 1793 sen
875 1742 978 1809 jure
994 1747 1120 1810 quod

98 1827 184 1890 ipsi
211 1825 375 1874 tribuit
409 1828 802 1890 protestantismus
834 1828 885 1874 in
924 1835 1122 1891 utroque

98 1909 307 1955 examine
348 1907 635 1956 instituendo
671 1940 686 1966 ,
745 1907 908 1955 eodem
954 1924 1122 1972 nempe

93 1992 216 2053 jure,
233 2009 327 2056 quo
346 2001 452 2040 ante
475 1993 626 2055 ipsum
646 2008 699 2038 ex
717 1990 879 2039 eodem
896 1992 1122 2055 principio

100 2090 209 2120 usus
238 2076 334 2139 jam
354 2073 506 2122 fuerat
533 2073 648 2121 alter
678 2082 935 2138 protestans
966 2070 1122 2120 Carol.

97 2155 277 2204 Hasein
287 2153 411 2204 Vita
426 2157 755 2222 pariter‚quam
769 2155 930 2215 edidit,
942 2151 1129 2203 Christi

95 2237 244 2296 Jesu,
282 2237 454 2303 aliique
498 2247 800 2302 protestantes
830 2235 1125 2284 rationalistae

98 2321 170 2365 usi
209 2319 394 2367 fuerant
429 2330 473 2368 et
517 2319 574 2367 ad
606 2319 818 2368 eamdem
863 2319 1125 2366 conclusio-

98 2417 206 2448 nem
244 2401 546 2449 devenerant.
584 2400 829 2464 Quomodo
857 2403 1015 2464 itaque
1040 2417 1124 2463 po-

98 2489 258 2530 terunt
300 2482 604 2531 protestantes
654 2484 748 2529 sive
794 2477 973 2528 Strauss
1029 2482 1126 2527 sive

101 2563 408 2612 rationalistas
433 2563 635 2629 reliquos
652 2561 861 2622 refellere
878 2597 892 2622 ,
923 2564 1035 2627 quin
1054 2564 1124 2628 ip-

99 2663 201 2693 sum
244 2645 601 2693 fundamentum
654 2645 1009 2710 protestantismi
1047 2662 1127 2709 pe·

100 2730 224 2775 nitus
250 2727 512 2775 subruant?
551 2725 741 2791 Egregie
779 2742 912 2790 porro
940 2743 993 2773 ex
1034 2725 1125 2773 hae

51 2798 64 2807 ⁵
99 2809 259 2859 saltem
293 2819 416 2874 parte
440 2808 487 2857 id
534 2809 732 2856 ‘ostendit
762 2807 1088 2873 Wegscheider
1107 2848 1120 2870 ,

101 2893 253 2956 quiin
280 2891 416 2955 proef.
445 2890 504 2938 ad
531 2907 632 2938 suas
662 2891 971 2938 institutiones
989 2889 1123 2937 theo-

101 2970 268 3035 logicas
296 2974 483 3034 evincit,
499 2971 869 3020 rationalismum
891 2972 1122 3037 profluere

102 3070 156 3101 ex
172 3054 336 3100 intima
356 3055 714 3117 protestantismi
742 3056 937 3102 essentia
957 3090 971 3113 ,
1000 3070 1120 3118 qua-

105 3135 160 3182 lis
183 3152 209 3182 a
226 3134 424 3182 Luthero
443 3120 679 3182 institutus
699 3144 765 3182 est
787 3170 799 3192 ‚
823 3137 956 3200 cujus
971 3152 1111 3200 prop-

107 3226 224 3264 terea
247 3216 351 3279 piis
395 3215 607 3263 manibus
650 3233 786 3264 suum
824 3215 971 3264 voluit.
1006 3232 1120 3280 opus

109 3314 206 3345 esse
235 3298 458 3345 dicatum.
490 3296 663 3345 Verum
696 3299 863 3364 juverit
894 3298 983 3345 hoc
1013 3315 1123 3346 con-

109 3379 294 3426 firmare
333 3380 599 3427 auctoritate
640 3380 844 3427 hominis
880 3379 1007 3427 haud
1046 3397 1124 3428 su-

111 3463 252 3525 specti
287 3497 301 3519 ,
342 3461 511 3509 scilicet
559 3460 976 3511 Judaeo-increduli
1019 3461 1124 3511 Sal-

113 3542 269 3590 vador.
328 3541 417 3590 Hic
443 3542 670 3608 siquidem
697 3581 709 3604 ‚
750 3546 800 3590 in
831 3559 912 3609 op.
958 3542 1125 3591 Jews-

118 3622 287 3671 Christ
310 3630 355 3671 et
380 3639 433 3672 so
450 3623 678 3682 doctrine,
701 3635 812 3674 torn.
837 3640 852 3672 1
875 3662 887 3686 ‚
915 3625 1131 3689 Prosae&

1199 1096 1275 1145 La
1305 1096 1508 1162 reformo
1542 1099 1692 1146 s'etait
1720 1098 1817 1162 fait
1852 1098 2050 1148 illusion
2075 1103 2106 1148 ὰ
2135 1099 2226 1149 elle

1199 1180 1350 1227 meme
1372 1215 1387 1240 ,
1426 1194 1485 1227 en
1514 1195 1564 1227 se
1600 1189 1802 1245 croyont
1832 1198 1902 1228 un
1929 1191 2227 1230 mouvement

1199 1269 1301 1309 tout
1329 1261 1541 1309 chrotien
1559 1297 1576 1324 ‚
1602 1277 1672 1310 sm
1689 1270 1850 1310 retour
1864 1280 1963 1329 pm·
1988 1271 2035 1311 et
2053 1263 2225 1330 simple

1199 1359 1300 1391 aum
1325 1342 1562 1392 doctrines
1589 1344 1936 1410 evanqeliques.
1958 1343 2029 1394 Ex
2050 1345 2123 1393 his
2141 1345 2220 1394 i'n-

1200 1421 1454 1489 telligimus
1479 1462 1493 1485 ,
1535 1434 1583 1473 1⁰
1605 1428 1752 1491 justos
1784 1427 1924 1493 fuisse
1952 1430 2224 1475 meritorum

1202 1504 1382 1555 Strauss
1397 1525 1501 1572 erga
1523 1510 1942 1572 protestantismum
1976 1511 2221 1558 aestimato-

1202 1604 1274 1636 res
1295 1605 1396 1647 eos,
1427 1589 1508 1653 qui
1540 1605 1638 1636 non
1659 1590 1722 1636 ita
1751 1588 1933 1653 pridem
1957 1590 2111 1653 ipsum
2127 1589 2224 1638 ele-

1201 1678 1367 1733 gerunt
1400 1668 1460 1716 ad
1497 1667 1772 1718 cathedram
1805 1668 2115 1734 theoloqicam
2151 1669 2226 1717 Ti·

1203 1751 1415 1814 gui-inam
1437 1785 1450 1807 ‚
1470 1767 1711 1814 perperam
1737 1752 1961 1814 imperitis
1993 1768 2090 1798 non
2111 1767 2224 1814 pau-

1203 1833 1268 1878 cis
1296 1830 1613 1878 obnitentibus
1633 1866 1647 1888 ‚
1680 1833 1766 1894 qui
1805 1831 2018 1878 nondum
2059 1848 2224 1896 perve-

1204 1914 1305 1960 nire
1333 1921 1583 1976 potuerunt
1615 1911 1674 1959 ad
1706 1911 1934 1975 legitimas
1964 1919 2224 1976 protestan-

1203 1989 1329 2041 tismi
1341 1993 1658 2041 conclusiones
1680 2009 1695 2052 3
1722 1993 2042 2058 intelligimus,
2063 1998 2115 2040 2⁰
2128 2011 2222 2060 quo

1202 2092 1341 2125 sensu
1364 2074 1670 2122 protestantes
1708 2074 1797 2122 sibi
1831 2074 2109 2123 adsciverint
2138 2092 2223 2124 no-

1204 2174 1314 2205 men
1367 2155 1750 2220 eoanqelioorum
1784 2193 1798 2215 ‚
1840 2156 2003 2205 eadem
2051 2172 2225 2222 nempe

1204 2238 1537 2302 significatione
1552 2273 1569 2299 ‚
1595 2255 1686 2303 qua
1711 2236 1914 2302 Scipioni
1943 2255 2223 2303 cognomen-

1207 2328 1305 2366 tum
1334 2318 1540 2366 Afrieani
1586 2319 1675 2366 fuit
1693 2355 1706 2378 ,
1754 2318 1901 2368 deleta
1943 2317 2224 2385 Cartbagine

1204 2397 1369 2447 Affieae
1397 2400 1656 2463 metropoli.
1686 2397 1794 2464 Quo
1817 2417 1957 2449 sensu
1973 2417 2125 2467 neque
2138 2418 2224 2450 nos

1206 2480 1457 2529 abnuimus
1522 2480 1825 2530 protestantes
1895 2481 1946 2529 Ε
1948 2481 2224 2547 vanqslioos

1207 2579 1495 2626 nuncupare.

1271 2644 1343 2707 (l)
1380 2643 1529 2710 Hujus
1561 2645 1624 2691 rei
1648 2645 1810 2708 pariter
1834 2643 2115 2692 documenta
2143 2643 2221 2693 de-

1206 2725 1360 2773 dimus
1394 2735 1526 2774 traet.
1555 2734 1601 2772 et
1631 2724 1722 2772 loc.
1764 2727 1842 2772 cit.
1878 2724 1966 2772 Hic
1991 2742 2128 2785 vero,
2162 2742 2222 2774 ne

1207 2816 1329 2854 extra
1359 2816 1568 2854 nostrum
1605 2816 1932 2869 argumentum
1967 2822 2221 2869 vagemur,

1205 2899 1258 2937 ut
1292 2892 1435 2953 magis
1449 2896 1616 2952 pateat,
1648 2905 1790 2953 quam
1817 2888 1937 2937 bene
1969 2888 2056 2936 sibi
2071 2888 2224 2957 cobse-

1203 2979 1334 3019 reant
1363 2970 1663 3018 protestantes
1702 2972 1822 3018 circs
1851 2970 2225 3018 benedictionem

1203 3052 1529 3102 conferendam
1555 3048 1782 3118 conjugiis
1799 3053 1954 3100 mixtis
1967 3087 1982 3108 ,
2015 3053 2124 3099 satis
2140 3054 2227 3100 erit

1203 3134 1406 3181 conferre
1436 3133 1792 3181 protestantium
1839 3133 1959 3197 leges
2001 3134 2121 3181 inter
2152 3150 2222 3183 se.

1205 3214 1258 3262 ln
1292 3215 1502 3263 Borussia
1534 3213 1841 3262 protestantes
1869 3213 2040 3275 exilio,
2075 3213 2223 3263 bono-

1205 3316 1308 3346 rum
1349 3298 1659 3363 expoliatione
1691 3333 1704 3355 ‚
1770 3296 1967 3345 vinculis
2026 3296 2225 3362 publicis

1208 3380 1416 3445 plectunt
1439 3379 1686 3444 Episcopus
1703 3389 1747 3426 et
1766 3377 2036 3428 Sacerdotes
2064 3378 2222 3427 catho-

1208 3461 1319 3511 licos
1346 3462 1643 3509 detrectantes
1682 3461 1904 3525 impertiri
1948 3459 2227 3509 benedictio·-

1210 3562 1317 3593 nem
1363 3545 1589 3609 conjugiis
1639 3544 1792 3591 mixtis
1812 3580 1825 3602 ‚
1875 3544 2053 3591 etiamsi
2094 3540 2225 3588 nulla

1219 3627 1488 3690 praecesserit
1508 3627 1691 3689 sponsio
1718 3625 1775 3673 de
1794 3625 2063 3674 educatione
2088 3623 2230 3687 prolis
