2540 4126
508 233 629 270 cAr.
678 232 767 268 111.
817 233 886 268 mi
927 229 1303 269 EPISCOPORUM
1348 225 1750 268 russi-Amris.
2060 200 2178 259 123

150 372 284 430 101.
338 373 484 430 Cum
533 373 728 454 itaque
757 383 922 431 tanta
955 371 1191 431 testium
1224 382 1283 430 et
1329 380 1850 430 monumentorum
1875 363 1962 424 vis
1985 408 2002 441 ‚
2041 384 2176 422 cum

64 465 295 549 publica
347 468 646 547 utriusque
693 466 946 527 Ecclesiae
966 512 984 542 ‚
1044 468 1163 526 imo
1222 466 1703 525 communionum
1752 461 2019 520 omnium
2071 479 2175 518 seu

65 572 353 621 sectarum
387 561 737 621 documenta
774 562 1090 622 certissima
1118 606 1135 637 ,
1167 582 1301 620 cum
1339 559 1699 643 praescriptio
1726 556 2004 618 adversus
2034 576 2176 636 pro-

67 657 265 715 fanam
291 656 445 715 Ae‘rii
470 661 705 738 ejusque
731 669 1082 716 sectatorum
1106 656 1430 714 novitatem
1455 676 1565 736 pro
1589 652 1874 713 catholico
1903 649 2178 731 dogmate

64 763 330 832 pugnent
349 796 365 825 a
396 751 864 811 concludendum
893 763 1013 824 est,
1049 750 1206 832 quod
1236 750 1311 808 ad
1335 750 1502 808 initio
1530 749 1939 830 proposuimus
1964 792 1980 821 ,
2008 746 2174 827 Epis-

70 866 240 926 copos
273 867 408 905 vere
437 846 792 927 presbyteris
817 846 1138 928 superiores
1165 865 1289 905 esse
1317 890 1333 919 .,
1364 844 1543 926 idque
1573 848 1706 922 jure
1735 843 1937 903 divino
1959 887 1975 917 ,
2000 851 2178 924 prout

65 937 236 998 allata
269 940 620 1001 documenta
656 953 966 1002 testantur.

883 1102 1364 1146 DIFFICULTATES.
1455 1152 1458 1153 ⁷

147 1217 280 1278 102.
327 1217 461 1295 Ohj.
490 1218 698 1298 prima.
722 1217 1128 1298 Apostolorum
1153 1228 1322 1276 aetate
1351 1216 1514 1276 nulla
1536 1225 1662 1277 erat
1683 1215 1840 1274 inter
1864 1213 2174 1295 Episcopos

61 1322 120 1370 et
171 1312 540 1392 Presbyteros
585 1314 707 1373 sive
757 1314 1010 1372 nominis
1031 1358 1047 1387 .,
1101 1315 1222 1374 sive
1279 1313 1488 1393 gradus
1540 1313 1663 1373 sive
1711 1310 2014 1393 potestatis
2061 1307 2178 1367 dif-

62 1406 328 1466 ferentia.
367 1409 516 1466 Nam
559 1409 621 1465 10
658 1408 967 1489 Apostolus
997 1431 1130 1468 cum
1160 1410 1224 1468 in
1252 1410 1430 1490 Epist.
1469 1407 1543 1467 ad
1580 1408 1775 1467 Titum
1812 1410 1874 1481 I7
1912 1405 1987 1480 5,
2021 1426 2176 1486 prae-

61 1501 311 1560 misisset
355 1523 368 1559 ε
417 1504 628 1581 Hujus
665 1507 759 1561 rei
786 1508 998 1583 “qratia
1024 1505 1248 1582 reliqui
1281 1515 1332 1563 te
1362 1505 1578 1573 Cretoe,
1618 1514 1690 1562 ut
1719 1492 2048 1562 constituas
2060 1520 2180 1579 per

61 1599 326 1655 civitates
341 1598 723 1676 Presbyteros
737 1644 754 1667 ,
776 1599 965 1679 pergit
988 1621 1046 1659 v.
1077 1600 1113 1657 6
1135 1599 1561 1672 demonstrare,
1589 1597 1788 1679 quales
1805 1607 2000 1657 essent
2016 1598 2176 1654 Pres-

56 1689 246 1769 byteri
268 1688 595 1772 oppidatim
616 1693 1028 1765 constituendi,
1044 1705 1102 1754 et
1117 1693 1391 1753 describit
1406 1694 1780 1774 Episcopum,
1799 1692 2086 1766 dicenS‚v.
2100 1691 2169 1749 7:

63 1786 304 1863 Oportet
327 1792 490 1845 euim
514 1788 885 1867 Episcopum
907 1792 1035 1848 siue
1059 1793 1317 1848 crimine
1347 1811 1494 1860 esse,
1531 1801 1637 1849 etc.
1663 1790 1731 1848 20
1768 1790 1984 1848 Verum
2016 1786 2175 1868 quod

61 1901 300 1939 omnem
333 1874 757 1942 dubitationem
786 1883 938 1942 tollit
961 1883 1104 1943 illud
1132 1896 1249 1959 est,
1281 1884 1439 1965 quod
1462 1884 1700 1962 legitur,
1731 1885 1855 1943 Act.
1875 1885 1980 1941 XX
2003 1927 2020 1957 ,
2052 1883 2125 1940 17
2153 1904 2166 1938 :

0 2028 5 2037 ,
59 1974 299 2050 PauluS,
325 1998 366 2034 a
389 1979 586 2035 Mileto
614 1983 853 2037 mittens
878 1980 1213 2058 Ephesum,
1245 1985 1476 2038 vocavit
1497 1987 1750 2057 naeajores
1779 1989 1933 2036 natu
1960 1978 2167 2056 (graec.

48 2071 468 2152 presbyteros)
502 2073 819 2142 Ecclesioe,·
858 2078 967 2153 qui
998 2096 1139 2133 cum
1176 2080 1468 2133 venissent
1507 2075 1593 2133 ad
1618 2096 1755 2134 eum
1787 2085 1844 2132 et
1880 2075 2069 2132 simul
2093 2095 2173 2132 es-

56 2176 208 2234 sent,
245 2167 406 2224 discit
436 2170 591 2227 eis...
631 2169 932 2228 Attendite
974 2171 1136 2228 vobis
1171 2182 1227 2227 et
1260 2173 1535 2228 universo
1573 2174 1775 2250 qreyi,
1811 2173 1883 2228 in
1919 2190 2036 2247 quo
2081 2189 2171 2227 vos

56 2261 321 2338 Spiritus
355 2263 612 2322 Sanctus
626 2269 835 2343 posuit
859 2266 1179 2344 Episcopos
1202 2287 1396 2345 reyere
1419 2262 1755 2325 Ecclesiam
1790 2267 1926 2324 Dei.
1954 2266 2080 2337 Quo
2108 2263 2172 2322 in

57 2352 183 2414 loco
216 2355 392 2415 iidem
428 2356 607 2438 plane
634 2370 771 2418 sunt
811 2359 1142 2442 Presbyteri
1171 2360 1347 2420 simul
1382 2373 1441 2420 et
1469 2362 1772 2442 Episcopi,
1817 2361 1915 2440 qui
1946 2381 2079 2418 cum
2107 2360 2170 2417 in

65 2468 181 2506 una
215 2450 445 2511 civitate
479 2466 707 2527 essent,
734 2476 935 2539 omnes
960 2456 1468 2515 indiscriminatim
1498 2478 1530 2514 a
1562 2455 1738 2515 Paulo
1775 2455 1849 2514 ad
1883 2454 2037 2512 illius
2070 2456 2170 2513 Ec-

62 2539 245 2601 clesiae
285 2564 485 2603 curam
526 2548 902 2628 regimenque
943 2561 1244 2610 vocantur.
1290 2551 1355 2610 3⁰
1392 2553 1580 2631 Atque
1616 2550 1753 2608 hinc
1782 2550 1928 2608 ratio
1966 2559 2168 2630 patet,

61 2657 235 2717 quare
261 2638 418 2697 idem
453 2640 760 2722 Apostolus
786 2643 848 2699 in
876 2644 1056 2724 Epist.
1092 2645 1167 2703 ad
1207 2644 1462 2726 Philipp.
1499 2646 1561 2719 Ι,
1600 2646 1629 2704 l
1658 2690 1674 2719 ‚
1709 2645 2002 2726 Episcopis
2039 2656 2169 2703 tan-

58 2742 185 2790 tum
214 2744 272 2791 et
299 2734 648 2794 Diaconihus
677 2735 923 2797 salutem
951 2735 1139 2814 dicat,
1171 2739 1336 2799 nulla
1366 2739 1845 2820 presbyterorum
1869 2740 2170 2799 mentione

55 2825 240 2900 facta3
285 2850 466 2909 quare
499 2852 732 2889 rursum
762 2833 823 2890 in
863 2835 887 2891 I
921 2833 996 2892 ad
1033 2835 1285 2894 Timoth.
1332 2836 1447 2910 111,
1490 2836 1735 2896 virtutes
1780 2835 2166 2918 explicuerit,

61 2943 184 3003 quae
213 2924 276 2981 in
307 2925 604 3008 Episcopis
626 2939 690 2986 ‚et
715 2928 980 2988 Diaconis
1008 2931 1416 3012 requiruntur,
1455 2930 1620 2991 sileat
1660 2953 1799 2992 vero
1832 2931 1905 2991 de
1943 2933 2171 2993 virtuti·

58 3016 166 3076 bus
202 3021 682 3100 presbyterorum
706 3070 721 3099 ‚
760 3026 895 3106 quia
922 3048 1136 3109 nempe
1170 3027 1435 3109 Episcopi
1457 3039 1517 3087 et
1554 3026 1881 3108 Presbyteri
1912 3029 1975 3086 in
2005 3026 2168 3085 nulla

58 3133 121 3171 re
154 3112 520 3177 differebant.
550 3121 716 3199 ErgO.

144 3208 278 3268 103.
312 3213 494 3297 Resp.
556 3217 717 3275 Dist.
776 3228 905 3276 aut.
960 3219 1369 3299 Apostolorum
1415 3230 1586 3279 aetate
1634 3218 1796 3279 nulla
1849 3228 1974 3277 erat
2013 3217 2168 3276 inter

62 3301 431 3383 presbyteros
464 3320 522 3367 et
564 3311 872 3392 Episcopos
910 3313 1233 3373 differentia
1269 3315 1557 3390 nominis,
1589 3327 1818 3382 trans.,·
1855 3311 2063 3391 gradus
2109 3324 2168 3371 et

59 3400 391 3478 potestati5‚
424 3406 597 3463 subd.
643 3405 825 3466 relate
855 3407 925 3465 ad
965 3430 1270 3489 personas7
1312 3431 1440 3491 quae
1465 3422 1606 3468 tunc
1640 3408 1919 3489 temporis
1948 3420 2014 3465 ut
2039 3406 2167 3487 plu·

58 3493 269 3551 rimum
325 3506 639 3579 utrumque
678 3501 1114 3582 Presbyteratus
1146 3514 1204 3564 et
1230 3506 1612 3586 Episcopatus
1643 3502 1887 3583 gradum
1934 3502 2168 3562 obtine-

63 3586 206 3647 bant
227 3635 242 3664 .,
273 3612 463 3660 eouc.;
486 3593 646 3654 nulla
668 3607 793 3655 erat
817 3596 1142 3658 differentia
1173 3600 1327 3658 inter
1356 3598 1822 3678 presbyteratum
1851 3611 1910 3658 et
1935 3599 2167 3680 Episco-

67 3695 298 3760 patum⁷
330 3708 455 3766 neq.
477 3686 732 3751 Observo
760 3690 952 3772 itaque
974 3694 1034 3751 in
1062 3694 1265 3774 primis
1282 3739 1298 3769 ‚
1316 3692 1566 3754 difficilia
1588 3693 1712 3754 haec
1736 3695 2167 3778 Scripturarum
