2508 4120
604 172 723 207 cu».
775 167 855 205 iv.
904 168 971 205 nn
1016 164 1382 202 mmmmm-ms
1426 164 1633 200 mxrrs,
2054 139 2169 201 383

68 313 359 399 prohibito
378 359 393 388 ,
418 313 492 372 ob
515 335 681 395 spem
697 355 719 383 ,
749 333 877 393 quae
895 307 1291 393 praefulgebat,
1317 317 1383 364 ut
1403 305 1477 364 ad
1500 305 1676 365 fidem
1701 304 2038 365 catholicam
2065 307 2172 365 ad-

64 416 446 489 jungerentur
462 453 480 485 ‚
506 406 758 487 graviter
788 403 1080 483 redarguit
1102 402 1214 484 (1).

151 503 288 563 305.
340 502 426 562 Ad
471 502 585 575 5¹³,
626 503 799 582 Resp.
846 500 910 557 in
944 497 1036 555 his
1079 517 1277 555 rerum
1317 494 1608 573 adjunctis
1643 516 1812 577 posse
1859 495 2170 577 Episcopos

70 599 293 680 passive
323 618 383 656 se
419 595 665 669 habere,
707 615 816 653 nec
843 592 1024 652 ullam
1059 589 1299 649 omnino
1338 590 1652 670 positivam
1684 588 1823 649 dare
1861 590 2172 672 dispensa-

71 695 289 752 tionem
308 737 324 765 ,
356 713 489 750 cum
510 712 641 750 eam
655 688 833 748 dandi
848 686 1118 746 facultate
1137 695 1392 744 careant.
1424 684 1514 743 Sic
1542 706 1744 744 ansam
1769 706 1891 744 non
1912 685 2177 747 tribuent

74 784 398 846 acatholicis
430 784 740 844 Ecclesiam
766 783 946 863 magis
976 779 1346 863 opprimendi
1381 778 1492 860 (2).

856 917 1261 972 PROPOSITIO
1299 916 1393 969 III.

75 1068 217 1127 Non
244 1077 500 1146 possunt
539 1065 858 1125 acatholici
869 1104 885 1129 ,-
935 1067 1086 1142 quin
1123 1067 1332 1121 omnia
1379 1063 1608 1121 laedant
1645 1068 1952 1143 requitatis
1981 1070 2143 1142 jm'a
2160 1109 2184 1138 ,

156 1182 349 1242 eoqere
370 1161 704 1219 Sacerdotes
723 1159 1032 1218 catholicos
1054 1159 1135 1216 ad
1151 1159 1547 1217 honestandam
1579 1159 1976 1218 benedictione
2001 1161 2188 1220 aliove

160 1259 283 1316 ritu
338 1277 504 1314 sacro
539 1258 790 1334 nuptias
835 1257 1060 1313 mixtae
1092 1298 1111 1329 ,
1165 1275 1298 1332 quoe
1361 1255 1634 1333 meyleetis
1687 1259 1994 1314 canonicis
2044 1276 2192 1315 san*

159 1352 456 1410 etionihus
474 1397 490 1419 ,
531 1350 988 1409 eontra-huntur.

162 1485 302 1545 306.
349 1487 427 1545 Ut
456 1484 684 1567 plenius
728 1483 1120 1564 intelligatur,
1158 1482 1298 1564 quid
1341 1484 1416 1542 sit
1450 1483 1633 1558 illud7
1680 1484 1754 1545 de
1787 1507 1902 1567 quo
1941 1505 2194 1568 praesens

79 1581 320 1661 quaestio
336 1579 662 1639 instituitur
678 1624 695 1652 .,
721 1578 1189 1638 animadvertere
1213 1577 1478 1658 quaedam
1503 1590 1737 1660 oportet
1758 1581 1904 1638 scitu
1927 1571 2195 1662 apprime

80 1675 418 1733 necessaria.
451 1675 528 1733 Ea
554 1695 690 1732 vero
714 1684 886 1731 sunt:

166 1768 301 1827 307.
349 1769 411 1826 10
450 1770 607 1827 lnter
638 1779 825 1827 cetera
858 1766 994 1826 fidei
1030 1778 1243 1825 nostrae
1274 1765 1544 1845 dogmata
1572 1766 1683 1825 hoc
1720 1789 1951 1849 quoque
1978 1769 2195 1826 firmis-

84 1863 295 1921 simum
338 1873 603 1921 constare
645 1873 823 1943 atque
860 1862 1282 1934 certissimum,
1326 1862 1551 1919 nemini
1596 1861 1846 1936 scilicet,
1888 1862 1989 1943 qui
2032 1873 2196 1922 extra

84 1956 391 2016 Ecclesiam
429 1955 771 2015 catholicam
808 1954 1174 2037 culpabiliter
1209 1976 1280 2013 ex
1311 1954 1419 2013 hac
1456 1956 1572 2015 vita
1613 1955 1893 2030 decedat,
1922 1956 1997 2016 ad
2026 1967 2195 2034 aeter-

85 2073 224 2109 nam
255 2050 504 2110 salutem
541 2061 741 2132 patere
781 2050 1007 2109 aditum
1048 2071 1219 2131 posse
1248 2049 1358 2129 (3).

171 2147 312 2205 308.
357 2147 425 2204 20
476 2145 736 2205 Ecclesiae
779 2143 1112 2226 pastoribus
1156 2143 1217 2202 id
1260 2166 1469 2202 munus
1512 2146 1886 2204 commissum
1923 2166 2083 2223 esse,
2134 2158 2200 2206 ut

86 2241 157 2300 ad
191 2239 532 2299 catholicam
567 2239 876 2299 Ecclesiam
901 2283 916 2311 a
949 2259 1075 2320 quae
1114 2237 1233 2297 sola
1271 2259 1407 2298 vera
1439 2250 1559 2313 est,
1600 2237 1889 2299 adducere
1909 2262 2018 2322 pro
2042 2240 2197 2301 virili

86 2346 290 2396 curent
318 2356 713 2417 quoscumque
749 2333 823 2393 ab
861 2334 971 2394 hac
1001 2333 1199 2393 salutis
1226 2335 1431 2393 semita
1469 2355 1701 2394 aversos
1737 2336 2046 2411 noverint,
2077 2337 2202 2398 sive

87 2432 128 2489 ii
160 2429 425 2489 infideles
457 2429 603 2504 sint,
644 2430 766 2490 sive
793 2429 1048 2488 haeretici
1067 2472 1084 2501 .,
1119 2430 1239 2487 sive
1269 2428 1647 2501 schismatici3
1681 2451 2031 2512 rursumque
2071 2452 2201 2513 pro·

90 2517 359 2598 videant,
410 2544 485 2582 ne
531 2522 839 2582 Catholicis
884 2521 1071 2580 ullum
1117 2521 1443 2604 periculum
1486 2522 1560 2581 sit
1586 2568 1601 2598 ,
1655 2545 1770 2605 quo
1803 2546 1835 2584 a
1883 2536 2037 2585 recta
2087 2524 2201 2587 fide

92 2629 432 2680 avertantur
461 2639 481 2686 ,·
505 2617 578 2677 de
600 2639 826 2676 summa
853 2616 1012 2675 enim
1035 2616 1224 2697 agitur
1257 2638 1453 2677 rerum
1478 2618 1763 2677 omnium.

160 2781 223 2844 (1)
260 2780 338 2829 Sic
359 2783 485 2830 enim
519 2780 722 2846 loquitur
750 2797 959 2828 summus
975 2779 1097 2828 Pon·
1183 2796 1240 2828 ex
1281 2780 1415 2844 fonte
1464 2783 1619 2828 omnis
1670 2780 1882 2848 deleqata
1929 2785 2193 2832 auctoritas

94 2864 204 2912 tifex
251 2880 265 2911 ε
294 2862 396 2911 Noe
418 2864 696 2927 iqnommus
714 2900 728 2924 ,
765 2862 885 2927 quid
912 2863 1101 2927 eqerim
1181 2861 1414 2911 dimanat.
1440 2863 1552 2912 Luc.
1585 2867 1662 2912 cit.
1702 2882 1804 2929 pag.
1833 2862 1953 2931 493.

96 2945 333 3011 Episcopi
347 2945 734 3012 praedecessorem
754 2946 811 2994 id
833 2944 986 2994 solum
1007 2945 1109 2994 No-
1260 2944 1323 3009 (2)
1360 2944 1458 2995 Cfr.
1476 2943 1701 3008 SerariuS,
1719 2965 1793 3013 op.
1815 2950 1894 2997 cit.
1920 2965 2023 3013 cap.
2053 2947 2086 3013 4
2100 2986 2115 3010 ,
2136 2951 2196 2996 is·

97 3027 171 3074 bis
199 3036 486 3092 compertum
526 3038 593 3078 eet
615 3064 628 3087 ,
659 3027 809 3091 quod,
838 3029 884 3076 si
915 3027 1108 3094 dispen-
1190 3028 1274 3076 tud
1312 3040 1636 3094 argumentum
1676 3029 1810 3079 docte
1840 3048 1894 3080 ae
1938 3031 2199 3081 luculenter

97 3117 319 3156 severunt
331 3108 388 3155 in
400 3109 716 3157 Matrimonio
728 3125 827 3156 non
844 3117 1101 3169 contracto,
1188 3109 1376 3158 evolvit.

105 3188 186 3236 aed
209 3187 524 3236 contrahendo
543 3226 558 3253 ,
577 3189 633 3238 in
652 3187 962 3240 Matrimonia
977 3193 1103 3239 inter
1251 3184 1311 3254 (3)
1348 3190 1444 3240 cfr.
1473 3194 1521 3239 in
1547 3203 1677 3241 tract.
1712 3191 1789 3240 De
1829 3209 1941 3240 vera
1962 3192 2191 3258 reliqione

101 3268 219 3316 duos
265 3269 420 3317 adhuc
450 3275 507 3320 in
532 3270 702 3318 hoeresi
733 3280 1098 3337 permanentes,
1183 3282 1300 3336 part.
1333 3287 1365 3320 n
1385 3310 1397 3333 ‚
1429 3291 1480 3322 n.
1513 3270 1638 3332 265,
1683 3291 1775 3339 quo
1800 3290 1935 3323 sensu
1970 3290 2197 3340 exposue-

99 3366 352 3416 perperam
369 3368 426 3399 ae
455 3352 579 3400 male
598 3361 798 3417 eqertmt
818 3390 832 3413 ‚
858 3367 1003 3418 qrave
1031 3354 1115 3402 ad·
1196 3356 1358 3415 rimus,
1382 3355 1507 3421 quod
1522 3355 1601 3402 hic
1618 3353 2112 3420 dicitur-culpabiliter,
2136 3375 2198 3406 ne

104 3431 592 3498 miseruntpeceatum
610 3472 623 3493 ‚
639 3432 989 3498 multorumque
1009 3451 1110 3483 ma·
1195 3437 1299 3501 quis
1322 3454 1405 3484 nos
1422 3445 1582 3500 arguat
1602 3438 1734 3501 quasi
1748 3438 1946 3486 nimium
1963 3441 2199 3488 veritatem

104 3510 259 3560 lorum
287 3529 388 3561 reos
404 3530 452 3562 ee
470 3513 688 3578 fecerunt
706 3553 719 3576 ‚
747 3514 833 3580 qui
846 3553 859 3574 ,
895 3517 1012 3581 quia
1030 3515 1113 3580 fa·
1194 3517 1315 3567 hanc
1336 3533 1619 3582 urgeremus.
1637 3517 1748 3583 Quae
1762 3535 1895 3584 porro
1921 3519 2017 3568 illie
2050 3522 2197 3582 scrip-

106 3592 300 3642 cultates
346 3594 413 3644 eia
454 3611 694 3645 concessae
737 3605 908 3646 attento
948 3596 1111 3647 animo
1194 3601 1334 3649 simus
1354 3635 1368 3661 ,
1402 3599 1480 3647 hic
1504 3600 1668 3663 pariter
1699 3599 1927 3652 intellecta
1959 3599 2195 3651 volumus.

109 3688 205 3721 non
241 3675 632 3742 considerarunt,
670 3694 727 3726 ex
750 3677 923 3742 quibus
966 3677 1113 3726 veluti
1329 3676 1333 3679 ’
