2612 4146
694 238 762 273 mi
804 236 1305 274 mnuzcmruaum
1349 235 1659 274 rnnssono.
2156 215 2231 275 33

920 377 1402 420 DIFFICULTATES.

210 505 308 562 66.
358 502 488 582 Obj.
534 503 596 560 10
637 501 898 561 Christus
936 503 1387 562 cumulatissime
1422 503 1767 561 meritorum
1804 521 2042 560 suorum
2073 523 2232 582 prae-

125 599 310 658 mium
337 596 538 657 retulit
562 597 626 654 in
649 597 736 655 sui
761 598 1017 678 corporis
1046 597 1458 677 glorificatione
1484 617 1548 655 ac
1570 596 1826 655 nominis
1856 594 2229 673 exaltatione,

126 695 194 751 2⁰
218 692 712 775 quemadmodum
740 704 799 750 et
824 693 1017 751 Sancti
1037 691 1276 774 plenam
1301 690 1518 769 pariter
1542 712 1785 771 operum
1814 713 2050 750 suorum
2077 713 2233 751 mer-

125 788 327 847 cedem
352 797 698 868 receperunt
717 831 734 862 ‚
769 784 833 845 3⁰
862 787 961 868 qui
994 795 1272 867 praeterea
1299 784 1473 842 nimis
1509 783 1758 843 humiles
1784 797 1952 845 erant
1972 830 1987 861 ‚
2021 808 2097 845 ne
2123 807 2233 868 pro

125 881 250 940 aliis
282 892 563 963 putarent
598 902 657 939 se
697 880 1019 939 satisfacere
1045 899 1216 959 posse
1237 923 1253 952 7
1299 889 1359 937 et
1391 899 1515 935 non
1550 899 1659 958 pro
1696 879 1905 938 debitis
1938 882 2053 939 suis
2091 892 2234 939 tan-

125 988 286 1048 tum3
335 975 638 1035 deficiente
668 984 975 1056 propterea
1013 972 1086 1037 in?
1121 972 1260 1053 ipsis
1302 971 1411 1031 hac
1462 971 1848 1030 satisfaciendi
1887 995 1994 1054 pro
2030 974 2233 1035 alienis

125 1071 334 1131 debitis
372 1070 724 1143 intentione,
761 1065 1056 1147 quomodo
1088 1066 1423 1148 putandum
1455 1077 1556 1151 est
1588 1087 1684 1126 eos
1709 1088 1817 1147 pro
1851 1065 2019 1126 nohis
2065 1070 2234 1129 satis-

123 1166 323 1225 fecisse
335 1166 366 1222 ?
392 1165 458 1222 4⁰
480 1161 709 1223 Accedit
727 1206 743 1235 ‚
774 1163 1119 1220 Sanctorum
1146 1161 1562 1220 satisfactiones
1596 1182 1716 1220 esse
1759 1158 1973 1220 Christi
2002 1163 2231 1221 satisfa-

125 1258 411 1318 ctionibus
435 1257 736 1334 injuriosas
757 1300 773 1330 ,
805 1254 901 1316 vel
923 1251 1133 1314 saltem
1163 1255 1484 1338 superfluas
1518 1277 1531 1314 ε
1569 1259 1907 1329 injuriosas
1946 1257 2189 1338 quidem
2212 1302 2230 1334 ‚

124 1376 193 1414 eo
227 1351 383 1434 quod
411 1361 746 1432 supponant
764 1396 781 1425 7
813 1361 942 1409 tum
966 1350 1179 1410 Christi
1210 1352 1417 1410 merita
1439 1372 1562 1410 non
1586 1351 1848 1412 sufficere
1873 1398 1889 1427 ,
1916 1353 1963 1411 si
1992 1352 2091 1412 tali
2120 1341 2234 1412 ad-

135 1447 420 1505 miniculo
439 1443 738 1532 indigeant
756 1490 771 1519 ‚
803 1456 931 1503 tum
957 1446 1193 1504 Sanctos
1207 1445 1318 1505 hac
1339 1446 1561 1504 ratione
1583 1456 1673 1505 tot
1695 1446 1942 1508 evadere
1968 1447 2236 1530 redemp-

89 1545 91 1547 ’
122 1552 299 1614 tores3
329 1539 692 1619 superfluas,
718 1540 875 1622 quia,
902 1561 1034 1599 cum
1045 1540 1262 1600 Christi
1283 1541 1489 1601 merita
1502 1540 2005 1622 superabundent,
2029 1554 2234 1625 utpote

120 1635 340 1694 infiniti
361 1634 571 1695 valoris
593 1680 609 1709 ,
626 1639 752 1713 jam
770 1656 1195 1717 supervacanea
1212 1647 1386 1695 erunt
1403 1636 1610 1694 merita
1640 1637 2008 1697 Sanctorum.
2036 1637 2102 1695 50
2118 1640 2233 1697 Re-

112 1731 430 1809 Jiciendum
456 1731 631 1810 igitur
666 1730 951 1809 ejusmodi
974 1730 1232 1790 thesauri
1263 1742 1665 1790 commentum
1693 1733 1980 1791 barbaris·
2020 1743 2235 1812 tempo-

120 1827 292 1886 ribus
318 1826 415 1907 pia
450 1825 712 1886 lucrandi
745 1824 948 1885 fraude
983 1826 1388 1906 excogitatum.
1417 1828 1481 1885 60
1519 1825 1796 1885 Praeclare
1824 1872 1840 1901 ,
1875 1827 2067 1909 inquit
2098 1827 2232 1886 Cal-

118 1920 288 1980 vinus
319 1966 335 1994 ,
386 1919 665 1982 adversus
721 1919 846 1980 haec
901 1920 1192 2001 sacrilegia
1254 1923 1369 1981 Leo
1433 1923 1729 1980 Romanus
1772 1922 2087 2005 Episcopus
2156 1922 2232 1983 ad

115 2014 452 2074 Palaestinos
476 2015 704 2097 scripsit
737 2037 751 2073 z
787 2016 1079 2096 Quamvis
1101 2018 1430 2077 multorum
1453 2018 1809 2076 Sanctorum
1838 2022 1906 2075 in
1931 2029 2234 2096 conspectu

116 2111 368 2170 Domini
404 2116 670 2190 pretiosa
720 2131 875 2170 mors
914 2113 1110 2190 fucrit
1138 2156 1153 2184 ,
1205 2113 1436 2170 nullius
1483 2121 1675 2170 tamen
1724 2117 1980 2171 insontis
2022 2117 2235 2173 occisio

105 2209 460 2284 propitiatio
483 2209 617 2285 fuit
647 2207 885 2266 mundi.
921 2208 1207 2285 Accepere
1217 2211 1386 2286 justi
1407 2251 1424 2281 ,
1463 2227 1585 2265 non
1615 2208 1907 2266 dederunt
1943 2228 2191 2268 coronas
2205 2234 2233 2283 ‚-

115 2309 172 2357 et
190 2301 259 2358 de
280 2302 643 2380 fortitudine
657 2303 923 2381 fidolium
949 2312 1096 2360 nata
1122 2312 1264 2361 sunt
1282 2304 1546 2380 emempla
1563 2307 1874 2382 patientioe
1893 2347 1909 2378 ,
1931 2293 2053 2362 non
2076 2305 2234 2363 dona

101 2399 385 2472 justitioe.
407 2398 759 2477 Singulares
770 2402 989 2477 quippe
1008 2418 1205 2457 eorum
1223 2408 1431 2456 mortes
1442 2401 1636 2477 fuere,
1660 2419 1763 2456 neo
1786 2399 2034 2458 alterius
2058 2404 2230 2477 quis-

122 2510 307 2567 quam
343 2491 605 2550 debitum
624 2512 730 2550 suo
745 2492 868 2570 fine
883 2494 1173 2572 persolvit
1195 2516 1214 2558 ,·
1238 2513 1431 2570 quum
1456 2514 1622 2551 unus
1650 2497 1914 2551 extiterit
1933 2496 2232 2552 Dominus

127 2583 398 2643 Christus
418 2626 440 2655 ,
478 2589 550 2642 in
577 2605 692 2663 quo
720 2605 918 2644 omnes
942 2588 1224 2664 crucifixi
1235 2629 1257 2658 ,
1282 2607 1474 2646 omnes
1509 2591 1764 2659 mortui,
1804 2589 2060 2665 sepulti,
2090 2609 2228 2646 sus-

122 2682 296 2736 citati
323 2678 427 2761 (l).
460 2677 526 2738 7⁰
561 2680 711 2738 Sane
739 2678 1064 2761 prodigiosa
1089 2679 1210 2740 haec
1233 2679 1597 2762 blasphemia
1624 2692 1713 2739 est
1734 2726 1750 2754 ,
1791 2682 2070 2761 Martyres
2097 2681 2229 2763 plus

36 2804 40 2809 ·
123 2783 313 2832 morte
338 2795 439 2832 sua
458 2773 796 2855 praestitisse·
826 2795 890 2833 ac
914 2775 1153 2834 meritos
1193 2796 1315 2834 esse
1336 2820 1352 2849 ,
1391 2796 1569 2856 quam
1605 2773 1715 2834 sibi
1752 2797 1896 2857 opus
1935 2787 2087 2836 esset
2111 2821 2127 2850 ‚
2169 2787 2229 2836 et

123 2969 262 3030 posite
303 2965 459 3014 scribit
489 2982 640 3014 comes
687 2965 756 3014 De
799 2965 985 3014 Maistre
1028 2966 1119 3014 loc.
1210 2966 1266 3013 de
1307 2965 1412 3013 l’tm
1457 2967 1489 3013 ὰ
1520 2965 1687 3013 l’autre
1721 2982 1899 3013 comme
1942 2967 2023 3014 des
2045 2968 2232 3028 fleuves

124 3050 201 3094 cit.
239 3045 365 3112 Quel
381 3045 575 3113 superbe
597 3045 786 3094 tableau
805 3063 894 3111 que
919 3046 1041 3095 celui
1066 3046 1123 3095 de
1208 3047 1524 3111 bienfaisam.
1574 3047 1698 3094 Rien
1740 3049 1858 3094 n'est
1896 3047 2009 3095 isole
2028 3085 2040 3106 ‚
2081 3056 2125 3094 et
2164 3046 2232 3094 Ios

125 3136 236 3175 cetto
259 3129 484 3176 immense
511 3129 603 3176 cite
632 3128 713 3176 des
729 3130 901 3195 asprits
925 3144 1038 3177 aveo
1052 3145 1124 3176 ses
1202 3120 1376 3194 'esprits
1393 3165 1406 3188 ‚
1428 3145 1604 3176 comme
1623 3128 1686 3176 les
1701 3127 1847 3176 lamen
1862 3128 1977 3175 d’un
1987 3127 2232 3192 saiso-caus

125 3209 239 3255 trois
264 3209 425 3257 ordros
461 3211 673 3273 toujours
698 3226 760 3257 on
794 3200 1032 3276 rapport!
1056 3210 1126 3258 Le
1210 3213 1425 3257 mimam&
1450 3245 1464 3268 ‚
1495 3211 1740 3275 jouissem
1776 3210 1832 3257 de
1868 3208 1999 3256 leurs.
2031 3224 2231 3274 propree

126 3288 296 3336 „tonde
322 3292 407 3354 qui
437 3291 620 3340 combat
637 3296 856 3357 presente
879 3307 976 3339 uno
989 3293 1128 3338 main
1208 3293 1363 3356 forces
1396 3299 1440 3338 et
1462 3290 1518 3338 de
1539 3290 1652 3339 celle
1680 3291 1736 3338 de
1765 3300 1870 3338 tous
1898 3289 1962 3336 les
1983 3297 2161 3338 autres.

128 3387 195 3418 au
212 3371 382 3420 monde
396 3375 482 3436 qui
493 3375 666 3441 souffre
681 3411 694 3434 ‚
715 3382 759 3421 et
778 3375 922 3421 eaisit
936 3373 993 3421 de
1011 3371 1130 3420 Pau»
1281 3372 1352 3435 (l)
1388 3370 1439 3419 E
1432 3372 1548 3436 pist.
1568 3388 1720 3430 cxxiv,
1741 3370 1853 3418 edit.
1874 3369 1989 3417 Ball.
2006 3373 2105 3432 col.
2124 3385 2188 3436 97
2213 3385 2229 3431 ;

126 3461 198 3500 tre
216 3451 325 3500 celle
342 3451 409 3500 du
430 3455 598 3503 monde
611 3457 699 3520 qui
715 3454 963 3521 triompho.
989 3454 1131 3502 L'ao-
1215 3453 1461 3501 adducitur
1491 3470 1599 3502 vero
1619 3471 1644 3501 a
1673 3447 1863 3501 Calvino
1887 3451 1974 3499 sub
1998 3469 2046 3498 n.
2078 3447 2232 3500 81.1n

126 3536 232 3582 tion
247 3534 306 3582 de
320 3535 484 3599 φάσθε
509 3573 523 3595 ,
541 3535 587 3585 la
602 3539 766 3603 priore
785 3574 799 3598 ,
826 3536 892 3584 les
911 3535 1133 3601 satisfac·
1218 3534 1458 3582 nonnullis
1484 3535 1706 3583 differunt
1747 3532 1914 3595 verba,
1954 3541 2090 3597 prout
2119 3532 2235 3580 refo-

131 3617 282 3677 tions,
322 3615 386 3663 les
427 3632 639 3677 σοοοιινε,
681 3618 747 3666 les
782 3619 1132 3683 inspiratiom‚
1218 3613 1720 3664 runturaCalvinoab
1741 3615 1815 3675 iis,
1835 3630 1940 3680 quae
1954 3613 2169 3677 leguntur
2183 3615 2235 3660 in

131 3694 179 3743 Ia
189 3697 267 3760 foi
286 3734 301 3754 ,
325 3695 604 3762 l’esperance
623 3705 668 3747 et
690 3696 892 3748 l'amour
907 3695 1140 3749 circulavit
1228 3697 1309 3746 cit.
1341 3696 1454 3747 edit.

213 3777 277 3835 T.
323 3777 446 3837 VII.
549 3775 555 3781 ’
1878 3773 1913 3831 3
