2508 4120
347 111 467 172 240
972 131 1293 171 *rusci-uus
1336 133 1406 169 nn
1448 132 1828 175 mummomo.

346 301 521 340 sensu
543 297 722 340 vacua
746 296 866 334 esse
894 275 1154 357 Apostoli
1179 275 1381 351 verba,
1411 275 1826 337 concludamus
1848 299 2080 343 necesse
2103 296 2214 361 est,
2245 286 2319 347 de
2346 285 2461 345 dis·

345 375 630 435 solutione
660 371 850 452 quoad
877 371 1180 432 vinculum
1210 373 1405 453 ipsum
1433 395 1556 432 esse
1594 372 1877 433 locutum.
1916 374 1980 432 30
2005 375 2243 439 Constat
2275 404 2346 452 ex
2369 404 2459 441 ra-

345 471 501 528 tione
521 513 536 542 ,
563 489 738 549 quam
768 466 1000 527 adducit
1024 468 1352 548 Apostolu'S‚
1380 468 1575 528 dicens
1607 492 1620 527 ε
1652 471 1794 530 Non
1817 476 1983 529 enim
2015 477 2289 541 servituti
2314 458 2459 537 sub-

321 569 524 642 jectus
552 574 633 621 est
645 567 848 641 frater
873 574 982 621 aut
1008 586 1177 623 soror
1203 570 1273 623 in
1295 566 1649 644 hujusmodi
1655 586 1676 634 ,·
1700 572 2004 625 servitutis
2025 590 2198 649 porro
2223 574 2458 633 nomine

339 658 433 717 hic
455 659 761 739 significari
783 681 903 717 non
929 671 1120 741 potest
1153 660 1265 719 nisi
1295 660 1598 721 vinculum
1623 661 1771 719 illud
1792 707 1808 735 ,
1848 685 1962 744 quo
1997 665 2060 722 fit
2093 676 2159 722 ut
2182 664 2458 727 alteruter

341 759 650 836 conjugum
690 754 902 815 debeat
942 767 1040 814 aut
1074 755 1263 815 celebs
1293 757 1491 817 vivere
1534 767 1636 815 aut
1675 756 1843 816 alteri
1880 760 2032 839 parti
2066 760 2456 836 reconciliari,

340 851 413 911 de
431 875 544 934 quo
559 852 732 934 paulo
761 864 897 912 ante
923 852 1149 911 locutus
1178 853 1387 927 fuerat,
1414 874 1547 912 cum
1573 865 1768 933 ageret
1786 853 1859 912 de
1878 856 2143 933 conjugio
2170 856 2454 933 fidelium,

340 948 616 1030 quodque
659 949 898 1007 inferius
940 971 997 1009 v.
1047 949 1122 1007 39
1157 951 1422 1028 liqamen
1463 960 1663 1023 vocat,
1706 953 1943 1030 ejusque
1986 950 2334 1011 solutionem
2375 955 2456 1011 li-

338 1045 721 1103 berationem.
741 1043 888 1102 Cum
907 1043 1229 1123 igiturhuic
1249 1045 1516 1104 servituti
1539 1045 1778 1103 minime
1810 1044 2128 1103 obnoxium
2158 1067 2282 1105 esse
2307 1046 2458 1107 fide-

338 1140 458 1201 lem
477 1147 778 1221 conjugem
809 1141 1014 1201 doceat
1034 1141 1340 1223 Apostolus
1358 1187 1373 1216 7
1393 1163 1755 1223 consequens
1781 1153 1869 1200 est
1895 1187 1911 1215 ‚
1943 1163 2049 1223 per
2076 1142 2324 1202 infidelis
2342 1144 2454 1203 dis-

335 1239 650 1298 cessionem
681 1238 855 1321 plane
881 1237 1117 1297 dissolvi
1145 1239 1583 1297 Matrimonium
1607 1238 1668 1296 in
1703 1237 2047 1297 infidelitate
2075 1250 2455 1302 contractum.

418 1336 515 1395 69.
559 1337 646 1394 20.
697 1334 998 1395 Fundetur
1028 1334 1204 1393 thesis
1236 1335 1298 1393 in
1337 1335 1633 1393 communi
1665 1335 1902 1393 Patrum
1944 1333 2241 1408 doctrina3
2282 1346 2457 1417 quot-

337 1443 480 1514 quot
505 1434 664 1493 enim
702 1433 800 1492 cit.
833 1431 1102 1514 Apostoli
1131 1430 1310 1492 verba
1346 1431 1665 1512 explanant
1684 1476 1702 1494 ,
1734 1453 1799 1489 ea
1833 1431 1904 1490 de
1924 1431 2177 1512 perfecta
2205 1431 2454 1490 dissolu-

333 1529 495 1587 tione
536 1528 888 1608 intelligunt.
932 1530 1022 1587 Sic
1073 1529 1129 1586 S.
1168 1526 1504 1586 Ambrosius
1560 1549 1573 1584 ε
1622 1528 1915 1605 Quidam,
1960 1527 2151 1607 inquit
2171 1572 2187 1600 7
2223 1536 2456 1606 putant

334 1645 504 1684 omne
542 1629 888 1703 cony'nqz‘um
924 1646 964 1682 a
1004 1626 1123 1683 Deo
1162 1645 1311 1694 esse,
1347 1627 1605 1681 maxime
1632 1626 1779 1702 quia
1804 1626 2101 1701 scriptum
2136 1634 2218 1680 est
2250 1645 2263 1682 :
2307 1625 2450 1702 Quae

332 1722 501 1781 Deus
527 1724 847 1800 conjunxit
857 1763 880 1792 ,
910 1720 1077 1778 homo
1106 1740 1227 1777 non
1257 1729 1503 1798 separet.
1528 1719 1587 1778 E
1593 1740 1719 1798 ryo,
1759 1722 1816 1776 si
1849 1740 2018 1776 omne
2040 1723 2390 1797 conjuyium
2413 1740 2454 1777 a

330 1818 457 1876 Deo
483 1827 595 1886 est,
633 1838 804 1874 omne
829 1819 1180 1894 oony‘ztyium
1214 1836 1334 1873 non
1364 1817 1499 1873 licet
1520 1818 1682 1873 solvi.
1714 1816 1802 1874 Et
1825 1815 2110 1893 quomodo
2138 1816 2452 1893 Apostolus

331 1913 528 1971 dimit:
565 1913 737 1992 Quod
753 1916 811 1970 si
832 1912 1084 1990 infidelis
1111 1912 1388 1979 discedit,
1417 1911 1682 1969 discedat
1698 1909 1725 1967 5²
1750 1911 1831 1969 In
1869 1932 1984 1989 quo
2014 1921 2067 1968 et
2093 1912 2456 1970 mirabiliter

330 2011 527 2068 noluit
546 2010 719 2088 apud
741 2009 1111 2068 Christianos
1131 2029 1383 2065 causam
1405 2007 1659 2064 residere
1675 2007 1924 2065 divortii
1943 2050 1956 2072 ,
1979 2017 2034 2064 et
2058 2008 2310 2065 ostendit
2329 2028 2450 2067 non

329 2127 368 2164 a
398 2108 520 2165 Deo
549 2106 747 2182 (esse)
772 2126 941 2162 omne
969 2107 1318 2181 conjuqium
1347 2102 1469 2182 (1);
1501 2102 1562 2160 id
1590 2113 1678 2160 est
1706 2147 1722 2175 ,
1759 2124 1881 2160 non
1907 2125 2080 2161 omne
2116 2103 2447 2180 conjugium

331 2222 453 2260 esse
493 2199 804 2258 insolubile
825 2245 843 2275 ,
869 2198 1190 2276 cujusmodi
1222 2208 1308 2256 est
1344 2196 1490 2257 illud
1532 2197 1897 2271 infidelium-7
1927 2196 2000 2255 de
2042 2218 2156 2278 quo
2187 2196 2445 2278 loquitur

329 2298 387 2355 S.
417 2299 646 2355 Doctor.
686 2297 776 2354 Sic
805 2306 865 2354 et
892 2293 1317 2354 Ambrosiaster
1346 2292 1779 2373 antiquissimus
1811 2303 2011 2350 auctor
2030 2337 2045 2365 ,
2090 2303 2264 2372 atque
2305 2294 2445 2351 Am-

327 2390 519 2450 brosio
541 2392 653 2473 ipsi
676 2412 898 2451 coaevus
920 2436 936 2465 5
975 2390 1048 2448 ab
1076 2389 1184 2448 hac
1212 2388 1511 2448 communi
1535 2408 1598 2446 ac
1635 2399 1866 2468 recepta
1894 2387 2156 2447 Ecclesiae
2181 2387 2443 2447 doctrina

327 2489 571 2547 minime
597 2488 844 2563 recedit,
868 2507 1167 2567 exponens
1200 2482 1456 2566 Apostoli
1480 2493 1709 2541 textum
1739 2505 1753 2541 :
1786 2485 1859 2541 Si
1878 2485 2139 2562 infidelis
2156 2528 2171 2558 ,
2206 2484 2405 2543 scribit
2425 2530 2441 2559 ‚

327 2586 456 2645 odio
484 2586 604 2644 Dei
636 2585 921 2653 discedit,
963 2583 1155 2661 fidelis
1185 2602 1324 2638 reus
1361 2602 1482 2638 non
1518 2582 1636 2637 erit
1672 2580 1950 2636 dissoluti
1985 2579 2434 2639 llIatr-imonii...

326 2702 399 2739 ao
410 2702 527 2759 per
543 2681 647 2738 hoo
668 2701 789 2738 non
820 2690 902 2737 est
913 2688 1221 2756 peceatum
1249 2682 1336 2752 ei,
1369 2679 1479 2755 qui
1499 2676 1836 2734 dimittitur
1849 2685 2102 2753 propter
2131 2676 2328 2733 Deum
2343 2677 2446 2743 ,si

324 2777 444 2835 alii
475 2797 531 2834 se
552 2778 845 2854 junxerit
880 2775 993 2853 (2).
1028 2774 1086 2831 S.
1113 2775 1371 2831 Joannes
1415 2771 1619 2849 Chrys·
1653 2769 1874 2850 pariter
1905 2770 1965 2825 in
1999 2769 2155 2826 hunc
2197 2768 2438 2829 modum

393 2941 460 3007 (1)
499 2939 610 2988 Lib.
628 2955 739 2998 vm,
757 2939 814 2985 in
839 2937 961 2985 Luc.
980 2953 1113 2985 num.
1135 2951 1163 2982 2
1187 2970 1201 2996 ‚
1220 2935 1333 2982 edit.
1419 2931 1567 2980 scedit
1588 2969 1600 2990 .,
1629 2930 1856 2979 discedat.
1881 2927 2046 2980 Simul
2072 2930 2198 2980 idem
2232 2930 2437 2997 Aposto-

326 3025 477 3074 Maur.
504 3025 583 3090 qui
625 3031 861 3087 praeterea,
892 3020 1006 3066 ibid.
1044 3037 1092 3066 n.
1129 3016 1159 3065 8
1176 3056 1189 3075 ,
1228 3018 1339 3065 sub·
1423 3013 1497 3060 lus
1523 3013 1718 3077 neqavit
1742 3011 1859 3075 leqis
1883 3029 1979 3060 esse
2009 3013 2221 3074 divinae,
2247 3024 2300 3060 ut
2318 3031 2432 3062 oon-

325 3109 394 3157 dit
424 3125 438 3155 :
490 3103 630 3155 Unde
657 3112 702 3152 et
730 3101 991 3168 Apostolus
1016 3119 1033 3148 :
1058 3098 1306 3149 Denuntio
1324 3136 1337 3159 ‚
1409 3099 1614 3164 juqium
1669 3096 2011 3161 qualecumque
2063 3096 2305 3160 solvatur3
2347 3115 2434 3146 neo

324 3191 489 3255 inquit
509 3228 520 3247 ‚
541 3205 639 3236 non
671 3204 751 3251 eqo
773 3223 787 3246 ‚
814 3183 894 3231 sed
919 3183 1165 3231 Dominus
1182 3221 1194 3242 ‚
1223 3199 1343 3230 παιο-
1428 3180 1527 3246 ipse
1537 3180 1784 3245 paecepit,
1802 3196 1888 3226 nec
1920 3179 2049 3227 dedit
2090 3180 2322 3228 deserenti
2345 3197 2435 3228 au-

323 3289 424 3320 rem
451 3289 482 3320 a
512 3273 616 3319 viro
645 3286 742 3317 non
774 3265 1025 3314 discedere.
1062 3265 1134 3312 En
1164 3265 1283 3312 infra
1314 3281 1329 3312 ε
1415 3266 1675 3313 ctoritatem
1694 3300 1710 3325 ‚
1744 3264 1827 3312 sed
1859 3263 2051 3328 culpam
2092 3264 2290 3313 abstulit
2330 3264 2429 3312 des·

327 3354 535 3417 Ceteris,
573 3353 768 3417 inquit,
810 3367 891 3415 eqo
934 3348 1068 3404 dico,
1112 3364 1208 3394 non
1233 3344 1332 3395 Do·
1414 3352 1573 3398 tituto.

326 3436 491 3484 minus
519 3435 601 3482 :si
639 3434 749 3499 quis
779 3432 934 3498 frater
970 3428 1210 3494 infidelem
1243 3428 1333 3476 ha·
1483 3432 1551 3496 (2)
1594 3430 1858 3479 Comment.
1889 3432 1940 3478 in
1975 3428 2105 3479 hunc
2149 3431 2238 3479 loc.
2274 3432 2324 3477 in
2348 3446 2428 3492 ap-

325 3518 402 3567 het
430 3533 625 3565 uxorem
652 3524 697 3563 et
724 3514 955 3579 relinquit
992 3529 1116 3561 eam.
1159 3508 1332 3575 Itaque
1414 3515 1556 3580 pend.
1582 3532 1689 3579 opp,
1708 3511 1758 3563 S.
1782 3513 1996 3563 Ambros.
2013 3514 2124 3565 edit,
2143 3512 2293 3561 Maur.
2311 3520 2425 3559 tom.

324 3601 413 3651 ubi
435 3607 502 3649 est
522 3601 684 3665 impar
696 3599 1001 3665 conjuqium,
1032 3595 1106 3644 lex
1128 3592 1220 3643 Dei
1233 3610 1331 3642 non
1415 3612 1482 3660 11,
1512 3615 1621 3664 pag.
1661 3593 1776 3659 134.

324 3691 412 3734 est.
438 3682 510 3732 Ec
534 3680 727 3731 addidit
750 3701 764 3727 :
788 3677 931 3746 Quod
958 3680 1004 3729 si
1024 3676 1238 3744 infidelis
1258 3676 1333 3725 di-
