2508 4120
398 191 518 229 cu.
567 190 653 225 111.
686 189 752 225 ως
796 186 1185 226 ιΜΡΕυιΜΕΝτιε
1229 183 1606 238 nA'rnmomr,
1650 184 1767 221 arc.
1944 229 1952 240 ,
2019 155 2135 220 349

69 344 71 346 ’
136 329 277 388 254.
327 329 543 402 Quibus
576 329 882 412 praemissis
906 374 923 402 ,
970 329 1047 387 sic
1089 327 1341 408 priorem
1375 336 1604 408 partem
1643 323 1990 384 adstruimus
2039 323 2136 383 ad-

60 446 257 484 versus
297 424 589 483 haereticos
611 468 628 498 ,
668 422 873 503 quibus
899 421 1305 481 Tridentinum
1341 441 1622 480 canonem
1653 440 1821 478 suum
1843 416 2130 499 opposuit.

58 516 138 576 Ex
165 517 574 576 demonstratis
607 517 1040 575 Matrimonium
1084 526 1170 574 est
1191 516 1626 573 Sacramentum
1645 558 1661 587 ‚
1686 513 1765 571 ita
1800 512 1948 570 utin
1975 510 2138 570 Chri-

60 611 375 669 stianorum
410 610 681 689 conjugiis
719 618 1043 680 contractus
1082 630 1114 667 a
1153 610 1522 668 Sacramento
1557 629 1679 666 non
1717 605 2134 684 distinguatur3

55 706 214 786 atqui
246 706 320 763 ad
360 704 663 764 Ecclesiam
696 705 948 786 pertinet
981 702 1053 762 de
1090 702 1470 761 Sacramentis
1489 692 1780 779 judicaret,
1817 721 1950 779 ergo
1974 710 2034 760 et
2063 699 2139 759 de

56 809 350 858 contractu
367 844 384 874 ‚
415 820 484 882 ex
507 820 619 880 quo
634 800 1066 857 Sacramentum
1091 806 1333 856 constat.

132 892 270 951 255.
314 892 533 952 Deinde
557 937 573 967 ‚
618 893 753 974 ipsis
789 890 1244 951 Protestantibus
1277 889 1432 948 ultro
1475 887 1824 965 fatentibuS‚
1875 888 2138 970 quamvis

55 987 378 1066 conjugium
404 1009 524 1045 non
550 998 699 1045 esset
722 988 1155 1045 Sacramentum
1178 1030 1194 1059 ,
1220 996 1307 1044 est
1336 995 1534 1043 tamen
1566 1005 1659 1042 res
1689 983 2052 1043 conscientiae
2075 1003 2140 1041 ac

56 1079 268 1139 divinae
299 1074 671 1140 institutionis
699 1091 871 1161 atque
900 1102 929 1138 a
958 1078 1180 1158 legibus
1213 1078 1423 1138 divinis
1447 1080 1743 1160 pendens3
1783 1077 1856 1136 ad
1880 1076 2140 1159 Ecclesiae

53 1174 223 1252 igitur
238 1185 492 1255 pastores
517 1185 738 1255 spectat
754 1168 1046 1254 inquirere
1071 1184 1130 1232 et
1153 1173 1411 1251 judicare
1432 1218 1448 1246 ,
1476 1184 1671 1231 utrum
1698 1172 2019 1252 legitimum
2036 1172 2137 1247 sit,

56 1266 364 1327 honestum
386 1290 450 1327 ac
472 1268 692 1328 licitum
712 1313 727 1335 ..
751 1280 810 1327 et
839 1267 914 1326 ad
953 1267 1166 1328 divinae
1202 1267 1340 1347 legis
1374 1289 1640 1326 normam
1670 1277 1968 1340 exactum3
2004 1265 2141 1325 alio-

54 1363 193 1442 quin
225 1364 349 1444 paci
386 1374 445 1422 et
475 1363 876 1443 tranquillitati
906 1361 1263 1421 conscientiae
1294 1383 1416 1421 non
1450 1362 1894 1443 prospiceretur.

130 1458 266 1518 256.
310 1453 555 1515 Demum
588 1458 650 1516 id
682 1459 872 1539 ipsum
927 1456 1209 1516 evincitur
1255 1478 1326 1515 ex
1371 1456 1578 1536 agendi
1630 1457 1856 1516 ratione
1889 1456 2138 1532 Christi,

51 1551 305 1631 Apostoli
329 1551 487 1610 Pauli
507 1596 523 1625 ‚
560 1563 619 1610 et
645 1562 923 1632 perpetua
947 1550 1201 1609 Ecclesiae
1228 1550 1416 1632 praxi.
1447 1550 1703 1608 Christus
1727 1551 1887 1608 enim
1910 1571 2142 1610 causam

51 1644 122 1703 de
164 1644 404 1726 repudio
431 1666 495 1703 ac
523 1645 594 1704 de
619 1646 868 1705 divortio
900 1645 1180 1723 judicavit
1200 1689 1215 1719 ,
1255 1643 1460 1702 Matth.
1494 1645 1540 1702 V
1566 1654 1625 1703 et
1652 1645 1783 1702 XIX
1803 1689 1819 1717 .,
1868 1665 1976 1703 nec
2011 1665 2142 1704 eam

48 1739 122 1797 ad
157 1741 552 1818 magistratum
577 1739 874 1821 politicum
895 1740 1114 1799 remisit
1140 1785 1155 1814 7
1193 1749 1366 1821 prout
1397 1739 1561 1813 fecit,
1600 1760 1736 1797 cum
1777 1751 2041 1817 ageretur
2069 1738 2142 1798 de

46 1832 407 1907 haereditate,
445 1836 576 1897 Luc,
626 1835 764 1906 XII,
813 1835 908 1892 14.
961 1835 1048 1892 Sic
1088 1835 1265 1892 etiam
1294 1832 1680 1914 ApostoluS,I
1724 1832 1798 1890 ad
1834 1833 2096 1892 Cor.'VII
2119 1880 2136 1909 ‚

56 1947 283 1985 causam
308 1928 587 2006 judicavit
609 1928 681 1987 de
705 1929 964 2008 conjugio
999 1929 1151 1987 inter
1173 1927 1404 1987 fidelem
1434 1938 1491 1987 et
1515 1926 1832 1987 infidelem.
1868 1929 1953 1986 De
1974 1929 2141 2008 praxi

57 2033 250 2080 autem
295 2023 550 2082 Ecclesiae
587 2034 672 2082 tot
722 2034 858 2082 sunt
897 2023 1238 2081 documenta
1261 2067 1276 2095 .,
1329 2033 1470 2103 quot
1511 2024 1753 2080 Roman.
1791 2022 2141 2080 Pontificum

58 2113 283 2175 decreta
311 2129 369 2176 et
392 2138 678 2176 canonum
698 2118 1020 2177 sanctiones
1041 2162 1056 2191 ,
1092 2137 1216 2197 quae
1247 2117 1450 2198 quovis
1481 2114 1674 2174 seculo
1698 2114 1868 2174 editae
1900 2127 2039 2175 sunt
2067 2114 2143 2174 ad

55 2211 310 2291 conjugia
346 2222 685 2293 spectantes,
717 2213 950 2285 Quoties
986 2221 1250 2270 exortum
1287 2209 1532 2268 dubium
1568 2221 1690 2281 est,
1730 2231 1852 2268 non
1879 2210 1955 2269 ad
1980 2211 2141 2269 Prin-

55 2306 207 2386 cipes
227 2306 501 2366 seculares
519 2318 618 2365 aut
641 2307 1039 2385 magistratum
1055 2305 1376 2386 politicum,
1392 2303 1495 2365 sed
1508 2304 1582 2363 ad
1600 2304 1860 2363 Ecclesiae
1882 2315 2139 2384 pastores

58 2399 458 2458 excutiendum
504 2412 563 2458 et
608 2400 987 2478 judicandum
1033 2399 1295 2459 delatum
1343 2410 1449 2481 est.
1498 2401 1811 2478 Nunquam
1847 2398 2088 2477 legimus
2122 2441 2139 2471 ‚

58 2490 241 2550 tribus
270 2494 587 2574 praesertim
610 2494 893 2573 prioribus
920 2493 1175 2551 Ecclesiae
1191 2491 1393 2550 seculis
1415 2537 1430 2565 ‚
1461 2491 1812 2550 Christianos
1842 2491 1917 2552 ad
1944 2491 2138 2554 civiles

62 2586 423 2664 magistratus
449 2607 641 2646 causas
679 2585 999 2669 conjugales
1020 2585 1359 2663 judicandas
1392 2585 1662 2645 detulisse
1690 2585 1799 2667 (l).

142 2680 281 2738 257.
329 2681 513 2760 Atque
556 2680 691 2739 hinc
730 2681 946 2739 factum
978 2691 1063 2738 est
1084 2725 1100 2754 ,
1135 2689 1198 2739 ut
1231 2679 1466 2739 Lutheri
1505 2691 1810 2764 sectatores
1836 2680 1929 2741 vel
1952 2681 2141 2763 primo

64 2775 188 2855 ipso
222 2774 644 2833 reformationis
667 2819 683 2849 .,
716 2794 892 2855 quam
933 2783 1175 2848 vocant,
1221 2773 1411 2845 seculo
1437 2818 1454 2849 ‚
1487 2775 1835 2857 principium
1870 2774 1942 2835 de
1965 2776 2140 2835 solius

66 2868 356 2948 regiminis
392 2869 570 2930 civilis
600 2870 663 2926 in
705 2869 1068 2928 Matrimonia
1109 2869 1447 2928 auctoritate
1489 2890 1608 2927 non
1652 2868 1866 2952 ubique
1900 2870 2142 2952 adopta-

66 3072 133 3105 ¹11
154 3092 171 3117 ,
213 3059 367 3107 subdit
387 3077 402 3108 ε
437 3061 530 3109 Μα
560 3062 750 3109 tuetooio
780 3063 857 3110 sia
885 3062 1003 3110 detto
1032 3079 1062 3110 a
1142 3061 1396 3127 concedam
1426 3061 1472 3110 la
1497 3061 1684 3127 diqnitc'n
1712 3061 1768 3110 di
1797 3061 2142 3126 Sacramenta,

68 3139 228 3200 rifiuto
249 3139 301 3187 di
315 3138 516 3204 quelche
538 3157 721 3189 assume
738 3142 779 3190 il
790 3142 937 3194 Soaoe
956 3141 1064 3191 nell'
1143 3143 1395 3206 e’arquisce
1413 3159 1501 3191 eon
1514 3143 1744 3191 evidenza
1757 3179 1771 3202 ‚
1784 3142 1867 3191 che
1884 3143 2036 3192 tocchi
2047 3143 2143 3193 alla

68 3220 317 3282 oqqezione
333 3256 346 3279 ‚
374 3237 470 3269 non
498 3238 529 3268 a
558 3222 707 3286 difesa
730 3223 784 3270 di
805 3231 961 3287 questo
987 3241 1065 3273 ca·-
1148 3223 1319 3273 Chieea
1338 3223 1386 3273 la
1407 3225 1606 3291 podest&
1635 3225 1691 3273 di
1713 3224 1940 3289 qiudiear
1960 3224 2139 3290 quello,

70 3314 189 3347 none
212 3299 496 3349 Tridentino
513 3338 526 3361 ‚
544 3301 642 3351 alla
666 3303 802 3366 quale
818 3320 915 3352 non
925 3306 1064 3370 facea
1144 3306 1227 3355 ohe
1255 3308 1280 3354 ὲ
1303 3308 1562 3357 necessario
1574 3324 1664 3374 per
1680 3307 1962 3372 qiudicarne
1992 3308 2034 3357 il
2055 3326 2142 3358 va-

72 3378 126 3426 di
154 3380 355 3427 meseieri
393 3400 409 3430 .·
436 3383 716 3432 tranando-si
739 3386 794 3432 in
837 3402 934 3434 esso
961 3401 1058 3433 non
1101 3393 1109 3404 '
1139 3385 1261 3449 Iore;
1280 3403 1406 3436 come
1421 3389 1479 3436 in
1495 3389 1607 3436 tutti
1616 3387 1688 3452 qli
1712 3386 1826 3436 altri
1838 3386 2144 3438 Sacramenti

71 3459 126 3505 di
142 3462 340 3508 etatuire
355 3461 418 3526 ql’
434 3464 778 3529 impedimenti,
808 3482 887 3514 ma
910 3466 966 3514 di
985 3483 1061 3516 co·
1141 3470 1187 3517 si
1207 3486 1381 3535 soorqe.
1410 3468 1522 3517 Vid.
1557 3466 1698 3533 hujus
1723 3469 1809 3518 loci
1832 3469 1972 3520 latina
1997 3480 2142 3520 trans-

71 3555 234 3588 nosoer
260 3540 301 3588 le
339 3557 478 3590 cause
511 3545 871 3596 matrimoniali.
906 3545 1065 3599 Senza
1112 3609 1117 3614 ι
1143 3550 1256 3600 latio
1291 3552 1348 3600 ad
1382 3550 1552 3599 calcem
1578 3550 1843 3600 voluminis.

71 3620 274 3684 dubbio,
313 3631 425 3674 tosto
463 3625 544 3674 che
569 3626 620 3675 al
643 3629 960 3679 Matrimonia
991 3632 1066 3679 sia
1218 3630 1281 3696 (1)
1318 3630 1418 3681 cfr.
1454 3631 1667 3682 Bellarm.
1706 3632 1904 3684 loc.·cit.
