2508 4120
280 80 401 140 270

917 95 1246 135 TRAGTATUS
1290 90 1360 129 DE
1403 89 1776 135 MA'rltmomo.

365 244 504 304 134.
554 243 884 320 Antequam
923 237 1264 298 accedamus
1302 234 1380 294 ad
1419 233 1782 314 disjiciendas
1825 237 2224 322 difficultateS‚
2273 248 2404 307 ani·

284 336 734 408 madvertimu5‚
754 334 1111 394 sententiam
1134 332 1207 392 de
1224 331 1584 391 Matrimonii
1598 332 1979 395 dissolutione
1989 352 2226 422 propter
2251 344 2413 403 adul·

286 435 503 495 terium
531 430 726 513 quoad
754 431 1057 491 vinculum
1108 429 1456 490 damnatam
1485 451 1608 488 non
1640 451 1764 490 esse
1811 442 1879 490 ut
1919 432 2282 498 haereticam.
2314 442 2414 500 Ca·

282 552 406 590 non
446 529 608 589 enim
636 527 1012 587 Tridentinus
1049 526 1270 587 directe
1310 525 1501 586 editus
1542 537 1631 585 est
1661 527 1940 589 adversus
1973 531 2334 595 Lutherano‘s
2357 547 2417 597 et

283 626 655 698 Calvinistas7
681 625 782 705 qui
810 624 1122 684 Ecclesiam
1144 622 1354 682 erroris
1377 621 1750 699 incusabant,
1772 646 1895 683 non
1918 638 2117 686 autem
2142 627 2419 691 adversus

284 727 516 784 Graecos
541 734 600 783 et
621 722 950 782 Orientales
973 767 989 797 a
1027 723 1129 805 qui
1167 720 1358 782 adhuc
1384 732 1592 780 tenent
1620 723 1953 804 conjugium
1977 737 2219 808 propter
2248 725 2422 785 adul-

284 822 504 881 terium
540 818 721 879 etiam
756 819 955 901 quoad
984 818 1288 880 vinculum
1322 838 1489 898 posse
1522 816 1797 894 dissolvi7
1837 832 2013 901 prout
2035 822 2214 881 refert
2242 821 2417 882 Card.

284 916 696 976 Pallavicinius
720 914 832 996 (l).
854 916 985 975 Non
1000 927 1201 974 tamen
1229 913 1601 973 concedimus
1631 917 1911 996 Launojo,
1936 917 2099 990 ¹hunc
2126 941 2416 979 canonem

285 1034 410 1073 esse
431 1012 870 1094 disciplinarem
888 1057 903 1088 ‚
937 1011 1187 1094 ideoque
1218 1009 1479 1070 Ecclesiae
1506 1013 1850 1072 auctoritate
1871 1014 2221 1075 mutabilem
2242 1062 2257 1089 ,
2286 1038 2422 1076 cum

286 1120 491 1189 agatur
526 1110 588 1167 in
621 1130 689 1168 eo
723 1109 796 1168 de
829 1108 1096 1167 doctrina
1131 1109 1472 1187 evanqeliea
1504 1119 1564 1167 et
1591 1112 1917 1189 apostolica
1940 1156 1957 1185 ,
1998 1123 2064 1170 ut
2087 1133 2275 1171 canon
2300 1113 2423 1195 ipse

288 1206 570 1286 significat
598 1206 709 1286 (2).

290 1453 443 1491 catum
480 1444 633 1490 traxit.
674 1442 771 1490 Cfr.
811 1442 868 1490 de
908 1442 996 1489 hoc
1043 1451 1318 1506 argumento

289 1523 361 1573 De
378 1524 531 1588 Chapt
547 1525 603 1571 de
619 1524 866 1589 Rastignac
881 1526 931 1571 in
949 1542 1029 1588 op.
1049 1523 1239 1571 Accord
1263 1524 1321 1571 de

290 1607 340 1655 la
369 1607 628 1655 revelation
645 1615 690 1654 et
718 1607 775 1654 de
805 1606 853 1653 Ia
879 1609 1045 1654 raison
1081 1615 1247 1655 contre
1281 1606 1322 1654 le

290 1690 481 1738 divorce
503 1727 516 1748 ‚
567 1706 729 1756 ¹-7903
767 1689 986 1749 Barruel‚
1022 1689 1203 1737 Lettres
1235 1706 1323 1736 sur

293 1771 333 1820 le
362 1772 553 1820 divoree
574 1772 606 1818 ὰ
633 1789 704 1819 un
734 1772 905 1837 depute
930 1772 987 1819 de
1011 1771 1318 1819 l’Assemblee

291 1852 540 1902 nationale
557 1891 570 1913 ‚
602 1851 732 1920 1789
753 1870 767 1915 3
799 1853 859 1904 D.
884 1853 955 1902 De
977 1853 1154 1902 Bonald
1179 1891 1192 1914 ‚
1235 1852 1325 1900 Du

293 1936 484 1985 divorce
497 1935 744 1985 considere
761 1953 827 1984 au
841 1939 938 1985 xxxe
951 1936 1109 1999 siecle3
1129 1935 1327 1985 D.Nou-

294 2019 459 2085 garede
498 2020 549 2066 in
573 2018 756 2066 duobus
779 2021 955 2083 scriptis
991 2036 1004 2067 :
1036 2018 1116 2066 De
1148 2018 1197 2067 la
1229 2018 1328 2065 Le-

293 2101 524 2166 92‘slation
554 2119 641 2148 sur
663 2101 704 2150 le
740 2107 958 2166 mariaye
989 2111 1033 2148 et
1068 2119 1157 2148 sur
1182 2100 1222 2149 le
1251 2101 1326 2149 di-

295 2200 431 2232 vorce
447 2220 459 2242 ‚
513 2180 640 2231 1802
665 2221 677 2242 ‚
709 2193 755 2230 et
781 2183 1001 2231 Histoire
1017 2183 1097 2230 des
1124 2182 1214 2231 lois
1242 2200 1329 2230 sur

297 2265 340 2314 le
373 2267 592 2329 mariage
628 2274 673 2312 et
699 2282 792 2312 sur
820 2264 861 2312 le
890 2265 1080 2314 divorce
1101 2304 1116 2326 ‚
1157 2263 1283 2314 1803
1309 2303 1322 2324 ‚

299 2367 416 2416 quos
433 2358 641 2397 recenset
666 2347 873 2397 Carriere
894 2386 907 2409 ‚
936 2367 1009 2414 op.
1033 2351 1114 2398 cit.
1142 2359 1257 2397 tom.
1286 2366 1324 2408 1,

299 2442 419 2499 part.
443 2449 497 2480 ιι.
520 2441 611 2479 art.
651 2446 666 2477 1
683 2465 696 2478 .

371 2513 433 2579 (1)
464 2513 570 2561 Lib.
602 2530 697 2561 xxn
719 2551 732 2572 ‚
765 2531 869 2578 cap.
902 2510 934 2576 4
956 2550 968 2572 ,
993 2531 1045 2561 n.
1072 2528 1134 2579 27
1153 2523 1196 2561 et
1225 2531 1324 2578 seq.

301 2596 362 2645 Νι
399 2597 482 2645 30.
509 2594 679 2644 refellit
699 2594 896 2643 Paulum
926 2594 1143 2660 Sarpium
1161 2633 1176 2654 ‚
1207 2598 1325 2662 qui,

303 2690 356 2727 ut
393 2681 489 2743 ips-e
534 2678 693 2725 scribit
737 2697 751 2726 t
794 2677 961 2741 Piqlia
995 2677 1237 2725 baldanza
1277 2678 1330 2727 di

304 2769 595 2810 commettere
624 2758 777 2808 l’altro
798 2760 812 2823 (
830 2760 1023 2820 difetto)
1054 2761 1112 2806 in
1124 2777 1327 2825 prover-

305 2845 442 2894 biare
462 2844 500 2891 il
532 2843 751 2893 Concilio
780 2845 923 2908 quasi
950 2843 1003 2891 di
1031 2859 1132 2890 uvea
1172 2851 1328 2889 muta-

307 2917 447 2977 zione
472 2936 683 2985 avemo,
710 2943 735 2973 e
760 2943 905 2974 senza
921 2926 1014 2990 pro
1042 2924 1102 2972 ed
1135 2925 1289 2991 effetto
1311 2941 1325 2986 3

310 3018 489 3061 mentre
518 3019 740 3058 racconta
775 3009 860 3057 che
887 3008 1022 3056 molti
1048 3025 1148 3056 non
1189 3007 1331 3056 vede-

310 3111 435 3144 vano
477 3093 741 3160 differenza
787 3100 863 3139 tra
896 3090 942 3138 la
971 3093 1140 3158 prima
1168 3090 1331 3156 fiirma

313 3196 338 3227 e
366 3177 414 3226 la
446 3175 683 3238 seconda3
711 3192 791 3221 ma
820 3172 904 3222 che
941 3175 1145 3221 tuttavia
1175 3173 1219 3219 si
1260 3173 1329 3219 ri-

314 3262 487 3307 misero
501 3257 597 3307 alla
615 3259 992 3323 maqqiorparte.
1013 3256 1092 3304 ἰὰ
1109 3255 1223 3303 dove
1235 3271 1333 3302 non

316 3340 483 3389 soloin
503 3341 654 3389 verit&
670 3339 718 3388 la
734 3339 999 3407 differenza
1026 3335 1159 3385 v’era
1178 3375 1190 3397 ‚
1208 3337 1330 3384 ben-

319 3423 405 3484 che
431 3422 600 3471 senile.
625 3421 698 3472 Ad
714 3423 887 3472 calcem
919 3421 1172 3470 voluminis
1196 3421 1335 3469 datur

319 3507 463 3574 hujus
496 3507 585 3555 loci
613 3507 754 3555 latina
785 3504 1042 3556 translatio.

1474 1441 1538 1506 (Ξ)
1576 1441 1676 1491 Cfr.
1720 1442 1865 1491 Henr.
1907 1443 2049 1505 Klee,
2082 1444 2194 1493 diss.
2241 1447 2321 1493 cit.
2345 1443 2426 1492 De

1405 1525 1725 1573 Matrimonio
1746 1563 1758 1583 ‚
1779 1528 1861 1591 qui
1881 1544 1935 1590 p.
1964 1523 2030 1574 56
2048 1560 2064 1585 ,
2097 1543 2149 1574 n.
2183 1528 2247 1588 (u)
2273 1537 2428 1575 osten-

1404 1604 1478 1652 dit
1498 1643 1511 1664 ,
1545 1623 1782 1670 perperam
1801 1625 1826 1654 a
1842 1606 2082 1654 nonnullis
2096 1607 2237 1673 objici
2259 1608 2421 1656 adver-

1405 1705 1482 1734 sus
1528 1688 1984 1736 indissolubilitatem
2025 1677 2258 1754 conjugii,
2299 1691 2427 1756 quod

1405 1769 1643 1835 Eugenius
1659 1788 1724 1831 lv,
1754 1777 1859 1836 post
1872 1772 2134 1820 absolutum
2164 1771 2428 1821 Concilium

1407 1852 1747 1912 Florentinum,
1785 1872 1887 1902 eam
1917 1852 2089 1903 Graecis
2103 1858 2426 1920 proposuerit3

1408 1936 1534 2001 quod
1550 1953 1647 1984 non
1660 1937 1854 1997 fecisset,
1878 1939 1915 1985 si
1928 1937 1986 1986 de
2001 1955 2050 1987 re
2065 1938 2326 2005 dogmatica
2336 1957 2433 2004 age·

1409 2029 1552 2068 retur.
1583 2018 1680 2067 Nec
1709 2038 1814 2068 vero
1843 2019 1986 2068 Graeci
2001 2038 2234 2087 opponere
2257 2024 2432 2084 potuis-

1409 2111 1542 2163 sent,
1571 2119 1725 2167 neque
1755 2120 1802 2150 se
1826 2103 1885 2150 ad
1911 2119 2011 2151 rem
2036 2103 2159 2151 hanc
2182 2105 2431 2152 discutien-

1411 2183 1517 2230 dam
1547 2183 1724 2249 aliquid
1743 2186 1792 2230 in
1823 2184 2055 2232 mandatis
2074 2188 2301 2250 accepisse
2322 2222 2335 2246 ‚
2351 2203 2432 2235 ne-

1409 2282 1502 2328 que
1535 2265 1657 2312 hanc
1704 2267 1882 2330 praxim
1916 2266 2125 2315 solvendi
2154 2268 2279 2332 apud
2309 2269 2432 2333 ipsos

1409 2346 1620 2413 coniugia
1650 2349 1749 2396 sine
1778 2352 2069 2397 convenienti
2100 2352 2277 2398 ratione
2307 2350 2322 2414 (
2358 2351 2434 2399 οὑκ

1410 2431 1587 2489 damam
1607 2434 1621 2493 )
1642 2430 1870 2490 obtinere,
1890 2441 1941 2478 ut
1956 2430 2126 2496 legitur
2141 2432 2266 2497 apud
2283 2431 2432 2482 Hard.

1410 2509 1526 2560 tom.
1553 2531 1613 2571 x,
1653 2512 1740 2560 col.
1779 2513 1897 2576 430.
1945 2510 2023 2563 Ad
2054 2514 2153 2562 haec
2201 2517 2327 2563 enim
2357 2532 2431 2563 re-

1412 2598 1543 2661 ponit
1576 2594 1693 2644 Klee
1713 2632 1726 2654 ‚
1761 2596 1887 2661 qnod
1919 2598 1956 2643 si
1986 2599 2296 2648 controversia
2330 2597 2429 2645 haec

1413 2696 1537 2728 mere
1567 2679 1820 2742 disciplinae
1842 2679 1998 2726 suisset
2015 2715 2029 2738 ‚
2057 2678 2292 2726 Romanus
2310 2678 2434 2726 Pon-

1413 2761 1527 2807 tifex
1550 2762 1745 2807 minime
1763 2777 1865 2807 eam
1896 2759 2156 2823 protulisset
2175 2798 2188 2819 ‚
2209 2762 2430 2826 quoniam

1412 2845 1463 2890 in
1500 2842 1570 2888 his
1604 2841 1740 2889 rebus
1773 2842 1906 2905 plena
1937 2841 2149 2890 Ecclesiae
2166 2842 2330 2891 Graecae
2363 2844 2423 2891 li·-

1412 2923 1562 2972 bertas
1594 2922 1697 2970 data
1732 2933 1858 2982 erat,
1890 2925 2094 2973 sectandi
2128 2943 2295 2990 nempe
2320 2943 2426 2991 pro-

1414 3008 1511 3070 pria
1527 3007 1735 3052 instituta
1754 3022 1768 3069 3
1789 3005 1955 3053 deinde
1983 3003 2148 3071 Graeci,
2168 3010 2284 3074 quin
2297 3026 2345 3057 se
2373 3010 2432 3056 ab

1389 3142 1392 3146 A
1414 3091 1503 3139 hac
1520 3091 1883 3156 expostulatione
1898 3091 2147 3141 liberarent
2170 3110 2225 3142 ex
2249 3093 2431 3142 defectu

1417 3175 1649 3222 missionis
1669 3212 1682 3231 ,
1698 3176 1952 3238 potuissent
1969 3177 2119 3222 statim
2139 3175 2432 3240 respondere,

1416 3257 1493 3305 hic
1520 3258 1590 3321 agi
1621 3256 1678 3305 de
1710 3274 1756 3304 re
1779 3255 1836 3304 ad
1851 3256 2141 3321 disciplinam
2168 3267 2399 3324 spectante
2416 3294 2429 3316 ‚

1417 3339 1624 3404 adeoque
1659 3339 1803 3388 libera
1834 3355 1849 3401 3
1883 3340 2010 3405 quod
2031 3350 2187 3389 tamen
2234 3356 2327 3389 non
2373 3339 2442 3387 fe·

1419 3433 1595 3472 cerunt.
