2508 4120
399 198 522 236 GAP.
570 199 661 235 111.
709 199 777 234 mi
820 198 1212 236 mrnmnmvrls
1256 195 1595 235 MA'rluuonn
1624 220 1640 248 7
1685 194 1803 232 HC·

2027 172 2149 248 34⁷·

61 337 413 398 adstruenda
456 339 740 398 sententia
760 384 776 413 .,
819 338 974 420 quod
1008 338 1221 398 scilicet
1273 348 1597 397 contractus
1634 334 1816 397 civilis
1850 333 2153 394 materiam

60 432 370 491 constituat
407 431 713 511 conjugalis
736 453 918 491 nexus
951 430 1071 512 (l),
1112 431 1269 513 quod
1303 443 1501 491 tamen
1528 444 1640 489 ‘nec
1674 428 1982 489 adversarii
2023 449 2152 488 am·—

58 524 210 606 plius
248 525 583 585 admittunt.
619 526 759 597 Quae
779 546 911 585 cum
931 525 1013 583 ita
1041 545 1103 583 se
1139 523 1426 598 habeant,
1461 534 1659 605 patet,
1681 522 1909 582 nullum
1944 523 2155 582 suffra-

41 620 216 699 ,gium
253 640 323 679 ex
360 619 568 678 horum
609 617 1023 698 Theologorum
1065 618 1352 678 sententia
1395 616 1661 677 accedere
1701 639 1867 699 posse
1901 617 1976 676 ad
2014 616 2153 676 doc-

60 714 274 772 trinam
310 734 484 793 quam
514 713 961 793 impugnamus,
993 710 1500 787 cohonestandam.
1518 709 1822 785 Addimus,
1855 710 1950 772 vel
1963 711 2152 792 ipsum

61 807 292 867 Clerum
317 806 675 866 Gallicanum
695 804 768 864 ad
795 805 919 865 haec
951 827 1132 886 usque
1151 805 1274 864 fere
1301 815 1562 885 tempora
1600 803 1894 863 communi
1916 815 2153 864 senten--

59 902 152 960 tiae
175 899 584 982 adstipulatum
616 921 737 960 esse
759 945 776 975 ‚
815 900 900 958 uti
929 921 1000 959 ex
1035 899 1361 959 certissimis
1387 898 1748 959 documentis
1777 910 2002 959 constat
2023 899 2150 980 (2);

62 1138 115 1178 2⁰
135 1146 190 1178 ex
218 1147 271 1179 eo
301 1127 427 1194 quod
439 1129 666 1195 Principes
693 1131 780 1195 ipsi
799 1131 850 1177 in
882 1131 1063 1194 propria

60 1229 196 1261 cansa
240 1211 298 1260 ad
333 1210 596 1276 potestatem
630 1211 983 1261 ecclesiasticam
1018 1228 1067 1260 se

72 1292 389 1356 contulerint3
434 1292 489 1341 3⁰
518 1308 574 1341 ex
608 1308 661 1340 eo
701 1292 823 1358 quod
860 1307 988 1355 reges
1015 1294 1066 1340 in

70 1375 164 1421 suis
205 1373 364 1422 edictis
403 1382 614 1422 accurate
657 1373 952 1422 distinxerint
986 1373 1062 1430 id,

70 1454 195 1519 quod
223 1455 272 1501 in
292 1453 604 1502 matrimonio
638 1455 873 1519 politicum
907 1464 976 1503 est
1005 1454 1065 1503 ab

70 1551 122 1583 eo
143 1571 157 1595 ,
208 1534 333 1601 quod
375 1544 442 1583 est
481 1535 729 1599 spirituale.
769 1535 857 1584 Hie
905 1545 1064 1584 auctor

68 1624 220 1663 tamen
257 1624 411 1679 postea
447 1631 543 1663 non
578 1619 682 1664 satis
709 1614 795 1664 sibi
823 1616 1032 1664 cohaeret.

136 1695 203 1759 (1)
242 1695 513 1745 Constanter
536 1697 628 1746 fere
649 1714 811 1746 omnes
824 1695 1060 1761 Theologi‚

66 1780 148 1842 qui
163 1777 286 1826 hanc
301 1780 571 1826 sententiam
585 1788 831 1828 tenuerunt
843 1813 862 1839 ,
893 1788 944 1826 ut
957 1778 1066 1826 fun·

69 1858 336 1907 damentum
380 1862 741 1921 constituerunt,
780 1870 1064 1909 contractum

70 1940 247 1988 civilem
273 1958 370 1989 esse
402 1943 635 1989 materiam
659 1941 940 1990 Sacramenti
961 1978 974 2000 ,
997 1942 1064 1988 uti

69 2023 205 2068 etiam
222 2038 276 2068 ex
293 2021 438 2069 allatis
456 2025 658 2087 ipsorum
673 2025 937 2071 testimoniis
953 2039 1063 2070 con-

65 2112 170 2150 stat.
215 2101 334 2150 Cum
367 2120 472 2152 vero
495 2103 695 2153 Carriere
727 2105 939 2164 vidisset,
975 2104 1064 2152 hoc

63 2183 420 2233 fundamentum
448 2185 581 2233 facile
602 2186 760 2233 subrui
779 2222 795 2243 ,
829 2189 929 2250 ipse
951 2203 1062 2233 con-

58 2266 223 2325 stituit,
247 2275 534 2314 contractum
568 2266 839 2314 naturalem
857 2285 950 2315 esse
976 2264 1060 2316 Sa-

57 2348 275 2394 cramenti
302 2349 537 2395 materiam
560 2383 574 2408 ,
608 2349 671 2397 ita
713 2358 764 2395 ut
792 2367 818 2397 a
854 2349 1062 2414 Principe

58 2429 238 2491 ineptus
269 2429 398 2478 reddi
425 2432 565 2494 possit
603 2431 663 2478 ad
692 2434 932 2480 materiam
970 2432 1060 2480 Sa-

61 2510 301 2556 eramenti.

126 2587 196 2651 (2)
228 2588 351 2636 Inter
392 2599 559 2638 ceteros
614 2589 765 2638 Gallos
805 2591 1062 2658 Theologos

57 2671 164 2716 satis
195 2672 251 2717 sit
283 2687 511 2719 recensere
537 2671 645 2719 Nat.
675 2670 898 2720 Alexand.
941 2675 1021 2737 qui
1045 2709 1058 2732 ‚

66 2749 231 2799 Theol.
264 2751 413 2815 doqm.
440 2759 484 2798 et
498 2747 661 2799 moral:
692 2752 864 2812 lib.11,
900 2762 986 2801 art.
1008 2753 1057 2811 3,

55 2847 188 2896 prop.
235 2847 252 2879 1
276 2868 291 2892 ,
333 2831 492 2880 scribit
534 2848 548 2881 ε
599 2835 789 2896 Requm
835 2833 1059 2881 christia-

55 2912 363 2960 nissimorum
391 2912 544 2961 edicta
563 2951 576 2973 ‚
613 2931 718 2978 quae
739 2914 1059 2963 Matrimonia

56 2990 501 3055 filiorum-familias
568 2996 740 3043 invitis
773 2995 1058 3061 parentibus

57 3071 266 3121 invalide
290 3083 530 3123 contracta
544 3075 813 3136 declarant,
847 3077 1058 3126 invalide

56 3154 254 3217 inquam
283 3155 437 3220 quoad
462 3158 650 3223 effeetus
674 3158 900 3222 quosdam
933 3161 1054 3207 civi·

60 3232 124 3281 les
142 3270 155 3294 ,
185 3250 281 3282 non
304 3236 459 3300 quoad
484 3238 712 3285 rationem
732 3236 1050 3301 Sacramenti,

56 3316 153 3362 sive
195 3316 350 3379 quoad
395 3317 709 3366 substantiam
754 3328 1019 3368 contractus
1035 3355 1052 3382 ‚

56 3397 142 3457 qui
165 3398 363 3443 materia
394 3396 693 3446 Sacramenti
710 3402 937 3465 proxima
966 3410 1050 3451 est.

56 3475 130 3523 Sic
157 3478 293 3524 etiam
332 3476 477 3525 Isaac.
513 3478 716 3540 Habert,
760 3480 812 3529 in
850 3498 926 3547 op.
974 3481 1053 3529 De

41 3558 239 3621 justitia
274 3558 570 3608 connubialis
596 3557 769 3621 edicti,
801 3561 927 3626 quod
942 3562 1042 3611 Lu-

56 3637 244 3686 dovz'cus
287 3657 364 3688 xm
409 3641 464 3689 de
492 3641 701 3704 filiorum
738 3646 923 3710 nuptiis
965 3647 1042 3693 in·

1147 1130 1259 1177 vitis
1273 1129 1558 1195 parentibus
1580 1167 1594 1190 ‚
1611 1130 1759 1178 annis
1782 1126 1910 1196 1629
1946 1139 1993 1179 et
2027 1126 2163 1197 1639-

1138 1209 1538 1276 promulqaverat.
1586 1208 1663 1260 Sic
1704 1209 1785 1261 alii
1813 1211 1936 1276 apud
1970 1210 2154 1261 Mazza-

1147 1291 1249 1340 relli
1268 1326 1290 1349 ,
1313 1309 1472 1357 opusc.
1495 1294 1576 1342 cit.
1595 1309 1704 1358 pag.
1735 1290 1976 1342 221-225.
1995 1292 2050 1341 ld
2076 1294 2151 1359 ip-

1146 1390 1250 1422 sum
1283 1382 1463 1421 constat
1507 1392 1561 1423 ex
1603 1373 1712 1422 cleri
1739 1372 1963 1422 Gallicani
1988 1391 2150 1440 expos-

1147 1453 1366 1502 tulatione
1388 1454 1506 1503 facta
1522 1453 1582 1503 ob
1595 1455 1799 1504 edictum
1814 1454 2035 1504 Ludovici
2049 1457 2151 1516 nit,

1146 1533 1356 1584 Blesense
1369 1534 1568 1584 edictum
1582 1553 1660 1585 an.
1690 1533 1819 1602 1579
1833 1536 2112 1584 confirmans
2133 1571 2152 1597 ‚

1146 1631 1240 1680 quo
1278 1613 1491 1662 invalide
1533 1621 1774 1663 eontracta
1801 1611 2153 1664 declarabantur

1146 1693 1358 1762 conjugia
1385 1730 1403 1757 ‚
1452 1712 1552 1761 quae
1592 1695 1816 1745 celebrata
1859 1713 1962 1745 non
2004 1706 2153 1746 essent

1146 1777 1204 1825 ad
1221 1777 1428 1842 ejusdem
1454 1777 1590 1825 edicti
1602 1794 1834 1825 normam.
1857 1777 1996 1827 Petiit
2014 1793 2150 1842 porro

1146 1858 1292 1906 clerus
1317 1894 1333 1915 ‚
1399 1865 1445 1905 1⁰
1477 1866 1529 1906 ut
1565 1858 1902 1914 declararetur,
1956 1865 2011 1906 ut
2052 1873 2151 1905 non

1146 1938 1284 1986 aliter
1327 1937 1660 2002 intelliqantur
1701 1937 1775 1986 hoe
1820 1954 1955 1987 voees
1990 1937 2149 1986 aalide

1145 2028 1230 2067 aut
1265 2019 1478 2067 invalide
1541 2028 1832 2068 contractum
1887 2020 2149 2070 Matrimo-

1144 2103 1284 2149 nium
1304 2139 1317 2161 ‚
1344 2117 1486 2166 quam
1507 2117 1599 2166 per
1631 2099 1906 2149 relationem
1935 2101 2001 2149 ad
2034 2116 2149 2148 con-

1144 2189 1344 2230 tractum
1359 2180 1549 2229 civilem
1567 2218 1582 2241 ‚
1614 2188 1659 2228 et
1669 2179 1944 2228 nullatenus
1956 2180 2021 2229 ad
2035 2197 2148 2230 con-

1143 2270 1344 2310 tractum
1358 2263 1659 2327 spiritualem
1671 2258 1713 2310 S
1713 2262 2000 2323 aeramenti}-
2025 2266 2077 2310 2⁰
2095 2270 2150 2310 ut

1141 2362 1240 2394 non
1260 2345 1627 2411 adstrinqantur
1650 2342 1955 2391 ecelesiastici
1982 2343 2048 2391 ad
2052 2345 2147 2409 ju-

1142 2426 1399 2474 dicandum
1421 2424 1680 2473 secundum
1700 2424 1845 2489 hujus
1864 2423 2008 2472 edicti
2027 2424 2148 2488 (Lu-

1142 2506 1257 2555 dov.·
1279 2524 1357 2554 xm
1383 2523 1460 2555 an.
1495 2504 1647 2572 1629)
1674 2505 1907 2571 simulque
1940 2505 2138 2554 Blesen-

1142 2589 1210 2634 sis
1235 2586 1460 2635 articulos
1473 2624 1488 2644 ,
1519 2587 1601 2634 sed
1596 2589 1747 2652 juxta
1765 2603 1921 2635 sacros
1937 2603 2140 2636 canones

1141 2676 1186 2715 et
1206 2667 1516 2716 ecelesiastica
1528 2669 1729 2731 decreta,
1753 2685 1859 2733 quw
1870 2656 1987 2717 sunt¹
1994 2665 2145 2717 unica

1138 2736 1302 2812 requla
1324 2757 1370 2796 et
1401 2765 1568 2797 norma
1582 2749 1779 2815 judicii
1805 2748 2141 2799 ecclesiastieo-

1139 2846 1266 2878 rum.
1298 2829 1549 2895 Respondit
1590 2848 1721 2896 porro
1761 2830 1855 2880 Rex
1891 2848 1973 2896 per
2006 2847 2141 2879 suum

1138 2913 1311 2976 regium
1343 2912 1586 2960 consilium
1632 2912 1706 2961 his
1751 2902 1900 2962 {verbis
1942 2929 1958 2960 ε
1998 2911 2140 2961 Com-

1137 2994 1334 3042 monitio
1377 2993 1494 3042 cleri
1507 3029 1526 3056 ,
1558 2994 1683 3059 quod
1708 2994 1975 3061 spectat-ad
1998 2995 2141 3060 prio-

1136 3093 1239 3124 rem.
1276 3076 1594 3143 difficultatem
1610 3114 1624 3138 ‚
1670 3078 1738 3126 sio
1773 3075 1973 3126 resoluta
1998 3077 2103 3141 fuit
2123 3096 2143 3125 .-

1142 3155 1202 3204 V
1194 3157 1320 3206 alide
1356 3168 1440 3207 aut
1470 3158 1681 3207 invalide
1695 3151 1931 3206 contracta
1959 3154 2136 3206 Matri-

1134 3241 1298 3286 monia
1357 3256 1454 3287 non
1517 3256 1614 3287 esse
1673 3239 1812 3288 aliter
1852 3236 2138 3303 emplioanda

1132 3338 1274 3386 quam
1304 3339 1392 3387 per
1424 3321 1571 3370 solam
1611 3319 1884 3369 relationem
1913 3321 1978 3368 ad
2022 3338 2134 3370 eon-

1133 3411 1332 3451 traotum
1348 3403 1535 3452 civilem
1554 3420 1647 3468 per
1663 3401 2004 3469 lai‘cosjudioes
2019 3422 2042 3464 ,·
2062 3403 2133 3453 al·
2194 3433 2198 3435 Α

1133 3493 1231 3532 tera
1255 3487 1442 3551 pariter
1485 3482 1734 3549 difficultas
1760 3486 1900 3550 J’usta
1960 3493 2006 3533 et
2054 3501 2132 3533 ra·

1121 3568 1245 3615 tioni
1289 3583 1509 3630 cenqrua
1546 3567 1648 3627 visa
1686 3574 1753 3613 est
1801 3569 1815 3631 (
1847 3565 2128 3616 Document.

1121 3646 1237 3695 cleri
1263 3646 1435 3696 Gallio.
1476 3658 1590 3695 tom.
1616 3665 1641 3695 v
1660 3684 1672 3707 ‚
1698 3649 1818 3713 apud
1842 3645 2127 3707 Mazzarelli,
