2508 4120
2116 137 2241 196 263

562 162 680 202 CAP.
731 165 789 200 Π.
835 164 903 200 DE
947 160 1286 199 MATRIMONH
1327 158 1808 197 PROPRIETATIBU&

138 301 416 387 quidquid
454 303 722 361 nonnulli
756 304 1012 362 sentiant
1054 301 1164 382 (1).
1203 303 1443 361 Constat
1490 301 1683 374 enim,
1715 298 1911 382 plures
1933 298 2238 358 Pontifices

135 398 336 479 saepius
364 399 424 456 in
457 397 567 456 illis
599 398 960 479 dispensasse
980 423 996 471 ς
1020 419 1198 478 quare
1231 419 1309 457 ne
1336 396 1594 455 dicamus
1618 397 1908 454 Romanos
1933 392 2241 453 Pontifices

134 495 193 551 in
231 515 294 552 re
323 505 442 552 tam
469 494 664 574 gravi,
693 515 814 551 non
850 493 1229 552 dissentiente
1250 535 1266 566 ,
1301 493 1420 550 imo
1443 491 1613 550 tacite
1649 489 1853 548 saltem
1878 487 2242 570 approbante

132 590 399 649 universa
437 587 679 646 Ecclesia
704 632 720 662 ,
757 608 1009 661 errasse,
1043 607 1107 645 ac
1141 596 1449 667 propterea
1479 584 1726 644 totidem
1769 583 2052 643 adulteria
2103 605 2240 665 per-

135 684 353 742 misisse
384 683 487 757 iis,
530 683 630 764 qui
664 694 797 764 post
827 681 1109 761 ejusmodi
1142 672 1495 740 solutionem
1533 680 1609 739 ad
1635 702 1788 740 nova
1825 690 1959 743 vota
1995 680 2242 739 transie-

136 790 309 851 runt,
336 777 640 836 fatendum
658 789 768 852 est,
795 777 1070 836 traditam
1088 774 1198 834 illis
1215 797 1247 833 a
1264 775 1493 848 Christo
1509 775 1681 834 fuisse
1701 774 1854 834 hanc
1884 773 2239 834 facultatem.

223 873 360 931 120.
392 874 523 931 Non
551 872 799 931 alterum
824 872 1119 954 sequitur,
1154 869 1439 950 siquidem
1471 891 1590 928 non
1614 869 1883 948 ignorant
1905 870 2206 929 Pontifices
2224 913 2241 943 ,

137 966 294 1047 quod
329 966 636 1026 intercedit
670 965 980 1024 discrimen
1015 965 1176 1023 vinter
1220 964 1477 1023 solemne
1502 964 1777 1047 castitatis
1816 975 2016 1022 votum
2038 1007 2056 1036 ,
2085 963 2244 1044 quod

135 1062 421 1121 emittitur
446 1062 508 1120 in
535 1061 887 1143 professione
908 1060 1169 1139 religiosa
1194 1105 1209 1134 ,
1239 1071 1298 1118 et
1323 1059 1471 1118 illud
1506 1059 1664 1141 quod
1694 1061 1762 1119 fit
1785 1060 1849 1118 in
1871 1060 2234 1140 susceptione

133 1156 444 1215 Ordinum.
484 1154 636 1215 Illud
669 1155 825 1214 enim
858 1154 1165 1234 adstringit
1205 1166 1522 1232 voventem
1561 1153 1634 1212 ad
1676 1166 1893 1213 statum
1930 1154 2241 1235 perfectio-

134 1272 258 1308 rem
280 1295 296 1324 ,
335 1249 653 1313 istud-vero
688 1271 814 1309 non
848 1250 1023 1323 item,
1062 1249 1254 1307 minus
1292 1260 1576 1330 praeterea
1608 1248 1886 1309 abhorret
1910 1271 1942 1308 a
1974 1248 2238 1327 conjugio

135 1355 318 1403 status
342 1343 615 1404 clericalis
641 1365 816 1426 quam
845 1343 1108 1424 religiosa
1133 1344 1411 1424 professio
1436 1345 1544 1427 (2).

202 1590 271 1653 (l)
318 1589 383 1638 Ita
432 1606 492 1637 ex
543 1588 874 1637 recentioribus
937 1589 1145 1636 sentiunt

135 1671 367 1737 Tournely
393 1709 406 1731 ,
445 1671 534 1721 loc.
561 1680 606 1719 et
635 1670 746 1719 edit.
791 1672 870 1718 cit.
913 1687 962 1735 p.
1013 1668 1141 1734 1783

135 1751 310 1808 Collet,
339 1752 419 1800 De
439 1753 715 1801 mato-imon.
742 1770 792 1800 n.
816 1749 915 1815 443
938 1762 983 1800 et
1011 1769 1141 1818 seqq.

135 1833 340 1882 Carriere
380 1842 536 1882 autem
570 1833 661 1880 loc.
719 1835 797 1880 cit.
849 1843 1020 1897 puncto
1056 1847 1141 1898 111,

136 1917 431 1981 quaestionem
462 1914 788 1978 problematice
810 1917 1050 1979 proponit,
1077 1918 1144 1964 ita

136 2006 292 2045 tamen
329 2005 381 2044 ut
410 1999 593 2055 innuat,
620 1998 738 2044 sein
762 2005 1008 2059 negantem
1043 2013 1145 2045 sen-

135 2081 324 2126 tentiam
359 2077 600 2136 inclinare,
632 2085 893 2141 permotum
920 2079 1145 2142 principio

62 2214 64 2218 ,
134 2160 192 2207 de
218 2158 448 2224 sequenda
468 2168 593 2222 parte
610 2160 788 2217 tutiori,
825 2157 907 2206 ubi
925 2160 1071 2223 agitur
1086 2158 1145 2208 de

132 2241 284 2290 valore
312 2239 729 2288 Sacramentorum.
760 2239 865 2288 Jam
902 2257 1008 2289 vero
1036 2258 1143 2290 cum

132 2321 274 2369 iidem
293 2331 498 2369 auctores
516 2320 744 2379 fateantur
759 2356 773 2381 ,
795 2323 956 2386 saepius
973 2320 1145 2371 Roma-

135 2418 220 2450 nos
235 2400 476 2449 Pontifices
491 2403 542 2448 in
560 2402 788 2467 ejusmodi
804 2400 1030 2468 conjugiis
1045 2403 1143 2452 dis-

137 2499 372 2547 pensasse,
405 2483 679 2546 incipientes
709 2482 871 2530 saltem
901 2500 927 2529 a
947 2482 1145 2532 Martino

140 2582 168 2611 v
198 2580 344 2629 usque
385 2562 442 2610 ad
476 2561 612 2610 Pium
648 2579 710 2610 vu
727 2595 744 2621 ‚
779 2573 832 2610 ut
869 2561 1004 2622 refert
1034 2562 1146 2611 Car-

139 2647 284 2702 riere,
323 2661 418 2692 non
444 2643 576 2692 video
616 2660 758 2709 quare
787 2643 845 2692 ab
889 2644 1148 2692 auctoribus

138 2727 373 2775 catholicis
395 2725 493 2773 haec
527 2735 720 2790 potestas
746 2725 967 2773 Romanis
993 2725 1149 2774 Ponti·-

56 2823 60 2828 ·
139 2808 303 2856 ficibus
346 2809 558 2871 denegari
598 2809 771 2872 possit,
819 2809 1061 2855 autetiam
1097 2811 1147 2855 iu

141 2889 335 2938 dubium
368 2890 585 2938 revocari.
627 2888 733 2936 Huc
776 2891 900 2936 enim
941 2891 1147 2954 apprime

142 2970 248 3018 facit
260 2973 538 3036 principium
556 2970 795 3018 laudatum
811 2989 836 3019 a
853 2970 1028 3019 Bened.
1049 2989 1142 3032 xlv,

144 3051 267 3116 quod
284 3051 423 3101 habet
445 3052 676 3100 Veraci-ux
694 3089 708 3113 ,
728 3051 916 3117 Speeul.
939 3064 1055 3118 part.
1074 3071 1109 3101 11
1125 3089 1142 3115 ‚

144 3142 231 3181 art.
257 3147 318 3198 27
341 3149 355 3182 t
377 3132 454 3180 De
483 3133 739 3194 Pontifieis
745 3142 971 3198 potestate
988 3172 1001 3196 ‚
1012 3145 1147 3201 post-

143 3231 288 3278 quam
328 3216 628 3281 ‚dispensavit
664 3251 678 3276 ,
725 3217 945 3264 dubitare
996 3219 1150 3266 instar

148 3294 390 3360 sacrileqii
431 3305 515 3345 est.
559 3297 699 3348 Esset
759 3300 892 3345 enim
956 3294 1147 3347 Christo

146 3379 284 3443 quasi
305 3379 582 3444 exprobrare
598 3416 613 3440 ,
648 3381 772 3444 quod
790 3397 888 3427 non
914 3383 1032 3428 satis
1054 3381 1148 3430 Ec·

147 3459 301 3508 clesiae
323 3477 422 3508 suae
442 3461 742 3525 providisset.
777 3461 912 3509 Nulla
929 3462 1020 3511 fere
1045 3473 1150 3510 sunt

151 3552 435 3605 argumenta,
468 3558 569 3608 quae
593 3542 651 3590 ab
676 3543 747 3590 his
761 3543 1023 3592 auctoribus
1047 3562 1150 3608 pro·

73 3668 83 3674 ,
149 3625 389 3685 feruntur,
410 3644 601 3691 quaeque
635 3627 886 3692 intorqueri
918 3637 1149 3693 nequeant

1224 1587 1441 1637 adversus
1495 1588 1619 1636 hanc
1657 1590 1804 1653 ipsam
1850 1589 2203 1652 propositionem
2226 1621 2241 1646 ,

1224 1686 1367 1735 quam
1406 1678 1452 1718 et
1481 1671 1569 1734 ipsi
1602 1667 1848 1717 adstruunt
1886 1669 2104 1718 adversus
2129 1666 2242 1717 Pro-

1226 1756 1460 1800 testantes.

1293 1833 1365 1900 (Q)
1391 1831 1681 1893 Cfr.Suarez,
1697 1833 1866 1897 op.cit.
1887 1829 1961 1880 De
1975 1831 2239 1895 Reliqione,

1225 1924 1341 1963 tom.
1367 1926 1458 1974 111,
1494 1913 1579 1962 lib.
1613 1930 1657 1960 ιι
1675 1951 1689 1973 ,
1716 1931 1817 1978 cap.
1850 1909 1912 1960 25
1933 1948 1947 1972 ‚
1966 1930 2014 1960 n.
2036 1929 2070 1979 9
2092 1922 2238 1972 etro,

1226 1996 1306 2044 ubi
1319 1995 1431 2044 duas
1454 1993 1587 2044 affert
1611 1996 1806 2043 rationes
1826 2032 1840 2055 ,
1868 1994 2241 2061 quibusinducta

1226 2087 1289 2125 est
1306 2076 1528 2135 Ecclesia,
1556 2084 1610 2124 ut
1629 2086 1845 2124 statueret
1863 2113 1875 2134 ,
1894 2075 2241 2123 Matrimonium

1225 2166 1379 2206 ratum
1418 2157 1626 2205 fidelium
1662 2167 1707 2204 et
1737 2174 1834 2205 non
1865 2165 2240 2204 consummatum

1226 2239 1380 2287 dirimi
1402 2256 1482 2304 per
1515 2238 1770 2287 solemnem
1808 2237 2040 2302 religionis
2065 2236 2239 2301 profes-

1225 2323 1422 2381 sionem,
1450 2337 1543 2368 non
1559 2329 1713 2368 autem
1736 2336 1816 2383 per
1837 2318 2032 2367 Ordines
2058 2333 2237 2365 sacros:

1227 2419 1280 2451 ac
1322 2410 1367 2450 1⁰
1397 2403 1507 2466 quia
1542 2402 1812 2463 conjugium
1837 2409 1883 2447 et
1914 2398 2134 2463 professio
2166 2415 2240 2449 re-

1226 2483 1379 2547 ligiosa
1399 2499 1458 2531 ex
1489 2491 1654 2529 natura
1680 2483 1745 2528 rei
1769 2483 1890 2528 inter
1925 2496 1973 2527 se
1996 2488 2205 2543 pugnant
2224 2514 2239 2538 ,

1227 2580 1323 2609 non
1347 2564 1458 2610 item
1486 2578 1592 2611 vero
1623 2577 1749 2609 sacer
1772 2558 1918 2608 Ordo.
1939 2557 2092 2608 Status
2113 2562 2239 2606 enim

1227 2644 1462 2708 religiosus
1485 2642 1682 2708 postulat
1709 2643 1959 2707 perfectam
1991 2643 2239 2690 renuncia-

1228 2730 1399 2775 tionem
1449 2726 1592 2775 seculi
1627 2763 1642 2785 ‚
1680 2735 1732 2773 ut
1769 2727 1865 2790 ipse
1900 2723 2106 2791 loquitur
2136 2760 2151 2784 ‚
2200 2734 2245 2773 et

1228 2808 1575 2873 abnegationem
1639 2810 1835 2872 propriae
1886 2806 2137 2855 voluntatis
2190 2821 2244 2853 ac

1227 2892 1399 2956 proprii
1429 2891 1657 2954 corporis,
1707 2906 1957 2954 rerumque
2001 2890 2241 2945 omnium3
2316 2935 2318 2937 ,

1228 2970 1498 3039 conjugium
1523 2983 1680 3020 autem
1708 2989 1734 3020 e
1778 2973 2004 3019 contrario
2046 2969 2246 3034 postulat

1229 3059 1370 3104 vitam
1405 3053 1674 3102 secularem.
1737 3051 1993 3101 Clericatus
2024 3067 2130 3099 vero
2161 3066 2246 3114 per

1228 3155 1276 3186 se
1291 3153 1386 3185 non
1411 3135 1610 3200 postulat
1634 3137 2036 3184 renunciationem
2066 3130 2207 3179 seculi
2227 3145 2243 3192 3

1228 3228 1272 3267 et
1309 3218 1413 3266 ideo
1456 3235 1542 3266 nec
1583 3216 1801 3282 obligatio
1847 3215 2051 3262 muneris
2093 3228 2246 3278 neque

1229 3317 1338 3347 usus
1373 3302 1471 3365 ejus
1504 3298 1650 3346 habet
1686 3315 1742 3346 ex
1778 3305 1941 3344 natura
1974 3296 2038 3343 rei
2075 3310 2244 3359 repug-

1229 3384 1436 3429 nantiam
1472 3398 1579 3430 cum
1619 3380 1831 3444 conjugio
1879 3386 1925 3425 et
1967 3394 2061 3424 *usu
2112 3377 2242 3442 ejus.

1232 3475 1286 3512 2⁰
1298 3461 1448 3511 Status
1469 3463 1697 3526 religionis
1723 3468 1792 3508 est
1805 3468 1945 3507 status
1956 3458 2246 3523 perfectionis

1232 3545 1526 3611 acquirendas
1549 3580 1562 3602 ,
1603 3554 1647 3591 et
1701 3540 1802 3589 ideo
1841 3543 2032 3608 requirit
2059 3557 2244 3605 separa-

1233 3629 1407 3686 tionem
1433 3626 1491 3674 ab
1522 3643 1608 3685 usu
1644 3625 1843 3690 conjugii
1869 3634 1913 3672 et
1940 3622 2040 3686 aliis
2060 3611 2238 3670 vactibus
