2508 4120
2102 176 2220 236 243

556 200 675 237 CAP.
721 200 783 237 11.
833 199 900 234 DE
942 198 1278 236 MATRIMOMI
1320 198 1800 236 PROPRIETA'HBUS.

138 342 461 401 novitatum
487 362 762 420 aucupem
784 385 799 413 .,
833 339 1058 398 nullum
1081 340 1362 402 invenieS.
1392 340 1490 420 qui
1522 339 1657 398 huic
1683 339 1957 398 doctrinae
1980 361 2101 396 non
2122 340 2223 397 ad-

136 436 378 516 haeserit.
412 437 556 493 Ante
591 435 931 493 Gratianum
959 432 1194 515 quidem
1236 433 1408 491 secul.
1443 435 1520 491 IX
1560 434 1711 507 hanc
1745 432 2064 492 doctrinam
2087 455 2221 514 pro·

137 541 470 611 pugnarunt
499 575 514 602 ,
563 540 629 587 ut
677 528 925 588 vidimus
954 573 968 602 ‚
1020 525 1479 607 Theophylactus
1521 539 1579 586 et
1627 529 2024 587 OEcumenius
2071 530 2223 589 inter

137 628 392 685 Graecos'.
440 627 558 682 Sec.
606 625 682 680 XI
747 624 909 701 Hugo
953 643 984 681 a
1026 623 1083 679 S.
1124 621 1346 678 Victore
1392 620 1482 699 (l)
1518 621 1671 679 inter
1709 622 1966 681 Latinos,
2007 625 2222 682 Rursus

137 743 246 779 sec.
293 722 397 777 XII
452 719 603 774 inter
657 718 877 775 Graecos
918 715 1135 776 eminet
1188 714 1473 794 interpres
1526 735 1812 772 canonum
1860 715 2224 776 doctissimus·

135 813 463 873 Theodorus
490 811 793 869 Balsamon
817 810 904 889 (2)
922 855 937 884 ,
974 821 1032 867 et
1065 809 1219 866 inter
1238 807 1470 866 Latinos
1494 810 1696 867 Petrus
1720 809 2074 869 Lombardus
2100 810 2216 892 (3),

134 918 193 967 et
219 908 317 988 qui
343 907 406 964 in
432 910 550 983 ejus
582 926 754 986 opera
776 903 1217 963 commentarios
1236 902 1544 963 ediderunt
1572 903 1695 981 (4);
1721 915 1852 984 post
1875 907 2219 965 Gratianum

134 1023 271 1061 vero
295 1001 368 1059 ad
400 1023 579 1058 unum
613 1021 814 1058 omnes
839 998 1055 1058 adhaec
1084 1019 1263 1078 usque
1293 1009 1556 1078 tempora
1587 1018 1717 1056 eam
1746 998 2137 1058 tradiderunt.

212 1097 310 1155 72.
356 1098 411 1153 Si
445 1096 617 1174 igitur
654 1116 718 1152 ea
752 1093 1067 1174 propositio
1106 1104 1262 1150 certa
1294 1090 1580 1151 censenda
1615 1102 1703 1149 est
1725 1136 1740 1165 ,
1775 1113 1904 1172 quae
1940 1093 2002 1150 in
2033 1094 2228 1174 Scrip-

134 1204 295 1265 tura,
336 1190 598 1250 Patribus
619 1235 635 1264 ,
669 1192 1062 1248 Romanorum
1098 1189 1442 1246 Pontificum
1466 1187 1740 1261 decretis,
1773 1188 2033 1247 Ecclesiae
2059 1190 2225 1269 praxi

135 1299 193 1347 et
216 1288 511 1347 communi
535 1286 832 1344 doctorum
861 1284 1200 1343 auctoritate
1219 1283 1494 1341 fundatur
1514 1328 1528 1356 a
1559 1304 1690 1340 cum
1711 1282 1840 1341 talis
1869 1284 1944 1341 sit
1966 1305 2035 1342 ex
2062 1284 2228 1342 dictis

133 1383 449 1462 propositio
496 1390 724 1452 nostra,
765 1390 1041 1458 tanquam
1078 1389 1228 1437 certa
1272 1399 1337 1436 ea
1370 1378 1605 1435 omnino
1623 1377 1876 1436 tenenda
1911 1390 2028 1454 est,
2057 1379 2135 1437 ita
2163 1390 2230 1437 ut

133 1476 279 1534 nulli
300 1475 533 1535 cordato
555 1475 841 1552 Theologo
864 1472 1080 1553 absque
1103 1473 1317 1552 insigni
1344 1472 1683 1531 temeritatis
1716 1483 1854 1530 nota
1885 1471 1958 1530 ab
1990 1495 2054 1532 ea
2081 1494 2230 1532 rece·

130 1572 266 1631 dere
297 1571 379 1630 fas
404 1572 497 1631 sit.

950 1727 1427 1770 DIFFICULTATES.

218 1883 318 1942 73.
367 1882 498 1961 Obj.
539 1883 746 1963 prima.
779 1884 841 1939 1Ο
866 1881 1302 1940 Matrimonium
1324 1925 1339 1951 ,
1380 1878 1535 1959 quod
1561 1883 1690 1956 jure
1715 1890 1935 1937 naturae
1971 1878 2229 1939 validum

140 1999 203 2036 ac
227 1977 552 2056 legitimum
585 1988 671 2035 est
691 2021 708 2050 ‚
744 1974 1012 2047 omnibus
1041 1974 1340 2052 Theologis
1377 1971 1688 2031 fatentibus
1710 2017 1725 2044 ‚
1767 1984 1854 2031 est
1874 1995 2110 2055 prorsus
2138 1974 2234 2032 in·

140 2071 415 2144 solubile3
453 2073 520 2129 2⁰
550 2071 665 2131 tale
687 2074 881 2129 autem
916 2081 1004 2129 est
1036 2067 1468 2128 Matrimonium
1502 2064 1825 2125 infidelium
1844 2113 1859 2142 7
1893 2067 2049 2147 quod
2078 2070 2229 2127 Deus

56 2212 58 2215 s
137 2166 258 2246 ipse
285 2167 616 2243 conjunxit,
646 2175 704 2223 et
748 2165 905 2246 quod
942 2164 1007 2222 30
1033 2185 1135 2222 suo
1174 2161 1348 2221 modo
1386 2163 1666 2220 unionem
1702 2161 1914 2220 Christi
1957 2182 2090 2219 cum
2122 2163 2233 2220 Ec-

136 2417 214 2456 tus
239 2424 393 2472 capam
410 2416 478 2457 est
501 2408 646 2473 hnjus
663 2424 826 2457 sensus
853 2408 1137 2464 communis,

137 2493 239 2540 ideo
268 2491 519 2539 dicendum
548 2499 644 2549 est,
667 2502 766 2539 etc.
804 2492 843 2538 A
873 2492 1085 2540 Cornelio
1114 2510 1139 2540 a

139 2574 309 2639 Lapide
327 2611 340 2632 ,
373 2573 636 2620 Commeat.
658 2574 707 2619 in
737 2573 863 2621 hunc
884 2574 1042 2638 Apost.
1070 2574 1140 2621 lo-

139 2675 245 2706 cum
266 2692 282 2717 ‚
305 2657 547 2705 adducitur
574 2675 652 2722 pro
678 2661 901 2706 contraria
919 2662 1140 2706 sententia

138 2742 274 2791 etiam
295 2739 433 2787 Dom.
451 2739 560 2788 Soto
582 2777 594 2799 ‚
614 2743 661 2788 in
685 2740 768 2788 lib.
804 2738 836 2802 4
865 2738 998 2787 Sem.
1032 2730 1136 2786 dist.

141 2822 225 2888 39,
245 2832 327 2870 art.
348 2821 396 2885 4.
428 2820 507 2870 Ast
530 2823 678 2887 lapsus
708 2822 784 2869 hic
808 2832 874 2870 est
897 2840 922 2868 a
944 2821 1135 2885 Lapide3

140 2905 365 2968 siquidem
396 2904 484 2954 loe.
518 2907 596 2952 cit.
628 2904 818 2953 Domin.
860 2900 969 2951 Soto
998 2920 1135 2967 oppo-

143 2986 279 3032 situm
321 3004 500 3050 prorsus
528 2987 658 3035 docet
688 3004 796 3035 cum
836 2986 887 3035 S.
920 2985 1095 3034 Thoma
1117 3021 1131 3044 ‚

142 3072 190 3114 et
214 3068 424 3116 innititur
445 3070 709 3117 auctoritate
737 3067 898 3116 lunoc.
937 3084 987 3115 ιιι
1019 3067 1131 3116 alio-

142 3165 369 3212 rumque,
402 3151 482 3214 qui
517 3167 542 3196 a
576 3147 792 3197 Gratiano
820 3148 1132 3198 adducuntur.

142 3227 237 3276 cfr.
274 3230 323 3275 in
363 3245 438 3293 op.
469 3232 543 3279 cit.
570 3231 676 3279 edit.
714 3230 944 3278 Metimnae
973 3229 1135 3294 Campi

150 3305 267 3357 1581
294 3343 307 3365 ,
337 3318 447 3356 tom.
471 3326 535 3368 11,
557 3328 661 3374 pag.
690 3311 803 3359 312.
834 3309 1039 3375 ldipsum
1061 3311 1134 3359 di-

142 3402 270 3440 catur
285 3392 343 3440 de
371 3391 501 3440 Petro
518 3390 624 3441 Soto
643 3428 659 3452 ‚
690 3411 825 3458 quem
847 3391 1013 3440 Paulus
1032 3392 1138 3443 Sar·-

141 3476 243 3537 pius
274 3509 287 3531 ‚
330 3471 464 3520 Hist.
515 3475 658 3522 Cone.
712 3472 856 3522 Trid.
909 3472 993 3522 lib.
1032 3492 1095 3525 vn
1116 3512 1131 3534 ‚

141 3571 278 3602 num.
307 3551 400 3615 64,
439 3554 627 3602 adducit
659 3564 877 3620 tanquam
914 3555 1141 3604 faventem

142 3638 370 3684 sententiae
396 3637 454 3684 de
480 3636 881 3685 indissolubilitate
915 3638 1141 3702 ejusmodi

1226 2407 1576 2470 conjugiorum;
1606 2414 1780 2453 certum
1795 2407 1921 2453 enim
1946 2406 2111 2467 pariter
2132 2415 2228 2465 est,

1228 2486 1413 2533 Petrum
1445 2484 1604 2534 Sotum
1620 2488 1858 2532 communi
1874 2485 2106 2533 adhaesisse
2121 2503 2228 2534 sen-

1229 2570 1379 2614 tentiae
1395 2605 1408 2625 ,
1440 2578 1491 2614 ut
1516 2574 1693 2614 constat
1720 2584 1773 2614 ex
1800 2567 2105 2614 Institutione
2132 2566 2239 2627 Sar

1226 2647 1462 2694 cerdotum
1485 2684 1499 2706 ‚
1531 2647 1638 2695 lect.
1667 2663 1743 2695 12.

1295 2731 1356 2794 (l)
1394 2729 1474 2777 De
1489 2729 1812 2778 Sacramentis
1842 2768 1855 2787 ‚
1892 2728 1979 2778 lib.
2010 2748 2072 2792 ιι,
2106 2742 2220 2796 part.

1224 2829 1274 2860 xi
1299 2849 1314 2868 ,
1342 2830 1444 2877 cap.
1482 2813 1568 2874 13,
1601 2813 1759 2861 Venet.
1801 2811 1946 2877 1588,
1986 2825 2102 2864 tom.
2138 2830 2225 2877 111,

1222 2895 1306 2943 fol.
1345 2911 1473 2962 299,
1509 2913 1618 2960 opp.
1649 2896 1770 2944 edit..

1289 2982 1351 3045 (2)
1391 2983 1487 3030 Cfr.
1523 2982 1650 3046 apud
1678 2982 1968 3049 Beveregium
1995 2987 2044 3032 in
2064 2981 2223 3049 Syno-

1217 3063 1328 3121 ‚dico
1341 3101 1353 3123 ‚
1372 3062 1512 3113 Oxou.
1534 3062 1682 3127 16723
1699 3082 1879 3117 necnon
1894 3068 1942 3113 in
1960 3064 2108 3114 Photii
2124 3063 2225 3112 Νο-

1220 3164 1406 3197 mocem.
1441 3149 1562 3212 apud
1592 3147 1836 3197 Justeuum
1852 3152 1902 3198 in
1926 3146 2226 3197 Bibliotheca

1220 3231 1359 3278 Iuris
1387 3232 1611 3281 canonici
1638 3232 1807 3280 veteris
1828 3267 1841 3289 ‚
1879 3230 2033 3279 Lutet.
2079 3227 2220 3279 1661.

1290 3311 1355 3374 (3)
1390 3312 1495 3363 Lib.
1522 3330 1585 3372 lv,
1615 3314 1662 3361 d.
1682 3313 1765 3379 39.
1909 3314 1913 3318 ’

1293 3394 1356 3457 (h)
1396 3393 1604 3458 Quatuor
1619 3395 1804 3448 circiter
1839 3389 1964 3440 mille
1991 3409 2232 3442 recensen-

1224 3487 1315 3536 tur,
1332 3470 1414 3542 qui
1427 3494 1479 3524 su
1486 3493 1562 3540 per
1575 3474 1758 3523 Petrum
1775 3472 2086 3524 Lombardum
2100 3491 2229 3524 com·

1225 3560 1445 3607 montaria
1473 3559 1766 3620 scripserunt.

1894 3717 1988 3775 16.
