2508 4120
487 209 605 248 CAP·
655 211 732 248 IV.
777 212 843 247 DE
886 208 1005 248 SAC.
1052 209 1316 249 ORDINAT.
1363 206 1615 248 MATERIA

2072 187 2182 246 141

1659 209 1784 247 ETC.

82 356 283 412 tiatam
317 349 695 411 essentialiter
730 352 978 410 formam
1002 352 1094 431 (l)
1118 396 1134 425 ,
1160 362 1335 432 prout
1361 350 1638 410 adversus
1668 350 2078 430 Courayerium
2103 372 2189 409 os-

82 437 398 512 tenderunt
429 447 763 505 Harduinus
794 446 915 526 (2),
943 448 1016 504 Le
1048 447 1235 519 Quien
1270 445 1363 524 (3)
1387 446 1596 526 aliique
1628 445 1859 526 passim.

163 543 266 600 His
289 543 486 622 itaque
514 562 627 620 per,
646 552 838 620 partes
865 540 1168 599 declaratis
1188 586 1204 612 .,
1225 544 1350 616 jam
1373 539 1697 599 accedimus
1721 538 1794 597 ad
1818 561 2190 620 propugnan-

83 635 225 693 dum
251 635 458 715 dogma
495 634 836 694 catholicum
866 634 938 694 de
963 655 1136 693 sacrae
1174 633 1574 692 ordinationis
1603 634 1871 693 ministro
1906 633 2182 695 adversus

80 731 488 790 ProtestanteS.

84 973 355 1035 Matthaeum
389 973 661 1022 Parckerum
684 1010 699 1036 ‚
740 991 765 1021 a
803 991 897 1038 quo
924 972 1090 1037 reliqui

85 1054 295 1120 Episcopi
345 1057 568 1121 anglicani
623 1057 825 1103 haeretiei
867 1042 1090 1120 originem

88 1139 311 1195 trahunt,
344 1138 483 1186 fuisse
517 1137 717 1184 Londini
751 1138 800 1183 iu
841 1137 1090 1183 diversorio

87 1236 112 1266 a
137 1218 274 1267 Joan.
295 1212 470 1266 Sooraeo
497 1218 719 1283 Episcopo
733 1216 940 1264 Roffensi
965 1219 1092 1264 inau-

89 1311 301 1364 guratum
322 1337 335 1358 ‚
353 1318 444 1347 una
462 1315 568 1347 cum
584 1298 733 1346 tribus
749 1299 849 1346 aliis
870 1334 883 1356 ‚
917 1299 1092 1364 absque

89 1381 291 1444 legitima
327 1382 603 1428 materiam:
642 1381 807 1429 forma.
852 1378 1090 1446 Siquidem

88 1461 294 1510 Scoraeus
332 1478 469 1526 super
502 1479 662 1511 eorum
697 1464 846 1526 capita
870 1464 1093 1526 impositis

86 1546 222 1591 sacris
248 1543 404 1591 bibliis
420 1544 516 1592 haec
534 1544 669 1591 verba
687 1554 865 1590 tantum
881 1544 1049 1609 adJecit
1077 1560 1090 1590 ε

85 1628 134 1675 A
138 1628 306 1691 ccipite
307 1634 580 1692 potestatem
587 1625 871 1691 proedicand
873 1626 891 1672 i
900 1625 1091 1673 verbum

87 1706 191 1755 Dei
219 1710 275 1754 in
303 1725 392 1756 sua
426 1710 660 1775 puritate.
707 1707 790 1755 Per
824 1725 968 1755 annos
998 1708 1094 1772 plu-

87 1792 228 1837 rimos
255 1791 429 1837 factum
464 1791 584 1837 istud
606 1827 619 1849 ,
654 1789 711 1836 ab
750 1790 943 1837 oculatis
972 1792 1094 1838 testi-

86 1870 176 1918 bus
205 1873 426 1918 traditum
451 1908 463 1929 ‚
495 1888 576 1935 pro
616 1882 737 1919 certo
763 1871 974 1918 habitum
1000 1881 1094 1930 est,

90 1956 204 2017 quin
229 1953 350 2000 ullus
379 1952 708 2001 reclamaverit.
742 1953 900 2001 Postea
938 1963 1095 2000 tamen

91 2034 396 2083 Protestantes
440 2036 589 2083 eidem
630 2044 944 2100 opposuerunt
985 2034 1096 2082 Acta

90 2116 404 2164 Lausbethana
434 2127 562 2164 eruta
585 2154 596 2173 ‚
620 2127 674 2163 ut
696 2116 991 2164 affirmabant
1008 2153 1020 2174 ‚
1045 2133 1096 2164 ex

89 2199 291 2245 archivio
327 2199 485 2262 palatii
535 2197 929 2262 archiepiscopalis
967 2196 1097 2244 Lam·

87 2279 319 2328 hethensis
348 2317 360 2338 ‚
398 2296 500 2344 quae
536 2279 754 2328 exhibent
778 2278 955 2327 parkeri
986 2279 1100 2325 alio-

91 2377 286 2427 rumque
337 2360 684 2410 Ordinationem
727 2362 992 2410 solemniter
1033 2360 1101 2408 fa-

91 2449 212 2490 ctam
245 2461 338 2490 esse
365 2446 414 2490 in
443 2444 608 2491 sacello
640 2444 847 2509 ejusdem
888 2443 1045 2507 palatii
1078 2462 1102 2491 a

91 2523 214 2571 Guil.
260 2524 477 2572 Barlowio
521 2525 662 2572 electo
714 2523 948 2589 Episcopo
990 2524 1101 2572 Ces·

92 2607 246 2653 triensi
275 2621 329 2667 ¹7
349 2605 462 2654 Dec.
485 2603 635 2671 1559.
655 2605 932 2660 Prodierunt
949 2615 1101 2652 autem

92 2690 240 2752 primo
272 2687 497 2750 eJ'usmodi
519 2687 629 2734 Acta
653 2696 753 2751 post
793 2687 995 2734 medium
1024 2703 1095 2733 se-

92 2769 249 2817 culum
269 2806 282 2828 ‚
315 2787 482 2833 nempe
503 2786 626 2816 anno
666 2766 815 2817 1613.
845 2768 967 2816 Hinc
1000 2778 1099 2815 tan-

92 2866 240 2915 quam
276 2852 565 2915 supposititia
597 2860 676 2899 aut
708 2850 867 2898 saltem
900 2860 1102 2914 suspecta

95 2932 319 2981 Catholici
364 2930 606 2998 scriptores
649 2950 702 2981 ea
737 2951 832 2980 non
874 2935 1102 2981 immerito

95 3015 410 3064 traduxerunt.
426 3015 802 3080 Haec-'disceptatio
811 3016 953 3063 finem
967 3033 1102 3062 suum

97 3098 292 3160 attigisse
321 3097 559 3145 videbatur
578 3135 590 3156 ‚
619 3098 767 3145 donec
789 3098 861 3145 his
881 3101 1012 3144 annis
1027 3098 1105 3146 de-

98 3195 192 3226 nuo
223 3189 342 3227 mota
383 3191 478 3240 est,
521 3199 572 3230 ex
607 3166 851 3229 *occasione
887 3197 977 3245 qua
1019 3181 1103 3229 do-

98 3269 195 3307 ctor
221 3259 417 3325 Lingard
448 3266 669 3326 pugnavit
692 3280 771 3327 pro
802 3261 991 3310 veritate
1022 3263 1103 3310 Ac·

98 3352 249 3390 torum
267 3341 686 3392 Lambethanorum
705 3381 717 3403 ,
736 3344 952 3392 adversus
966 3360 1104 3408 quem

98 3426 340 3471 insurrexit
358 3423 556 3472 Thomas
570 3424 805 3490 Hodgson.
832 3423 1106 3473 Protestatus

99 3514 252 3553 tamen
268 3514 331 3552 est
349 3503 564 3568 Lingard‚
584 3523 630 3554 se
644 3522 739 3553 non
754 3514 986 3570 propterea
1001 3523 1107 3570 pro-

1173 972 1324 1034 qazin
1349 1008 1364 1029 ‚
1393 970 1485 1017 vol.
1518 985 1592 1029 v1,
1634 970 1771 1019 Febr.
1821 968 1946 1020 1835
1969 1009 1981 1032 ,
2020 991 2071 1021 n.
2109 972 2194 1038 4ο,

1178 1069 1288 1116 pag.
1314 1068 1392 1118 7⁰·

1247 1127 1315 1199 (1)
1352 1133 1595 1196 Anglicani
1629 1133 1714 1181 sub
1744 1132 1962 1182 Eduardo
1987 1152 2034 1182 vt
2065 1153 2190 1184 anno

1182 1213 1310 1282 1549
1330 1252 1342 1272 ‚
1363 1215 1532 1263 abolito
1555 1214 1728 1263 Rituali
1750 1215 1959 1264 Romano
1982 1253 1996 1276 ,
2017 1234 2192 1265 novum

1176 1297 1486 1346 condiderunt
1505 1313 1518 1360 3
1551 1299 1601 1344 in
1635 1298 1724 1345 hoo
1743 1314 1877 1362 porro
1899 1297 2075 1346 Rituali
2098 1299 2200 1347 haec

1177 1379 1323 1426 forma
1378 1379 1686 1443 praescribitnr
1726 1379 1785 1427 ad
1830 1381 2200 1441 consecrandum

1178 1461 1477 1525 Episcopum.
1508 1461 1790 1509 Consecrans
1815 1465 2092 1511 ministeriu
2113 1466 2201 1528 pri-

1179 1547 1264 1592 mis
1277 1545 1426 1611 Deum
1440 1556 1557 1601 orat,
1573 1556 1625 1593 ut
1642 1564 1821 1594 servum
1839 1565 1972 1595 suum
1989 1548 2048 1596 ad
2067 1550 2201 1596 mini·

1178 1629 1368 1675 sterium
1383 1625 1704 1691 Episcopatus
1717 1636 1952 1686 vocatum,
1970 1627 2203 1678 doctrinoe

1179 1724 1279 1754 suoe
1299 1709 1495 1755 veritate
1515 1710 1727 1756 instruat
1747 1747 1759 1768 ‚
1791 1710 1904 1757 vitoe
1919 1711 2199 1758 innocentia

1179 1789 1391 1847 adornet,
1419 1807 1612 1854 eamque
1630 1789 1871 1855 larqiatur
1882 1797 2093 1856 qratiam
2113 1809 2135 1855 ‚'
2149 1801 2205 1840 ut

1179 1889 1360 1937 semper
1373 1872 1438 1920 ad
1450 1872 1499 1922 E
1503 1873 1778 1938 vanqelium
1786 1875 2196 1940 promulqamlum

1171 1962 1378 2018 paratus
1392 1956 1472 2002 sit.
1498 1955 1676 2004 Deinde
1698 1991 1712 2014 ‚
1750 1974 1916 2004 manus
1938 1957 2200 2005 ordinando

1180 2038 1423 2099 imponens
1440 2071 1456 2096 ,
1489 2039 1635 2101 pergit
1660 2087 1662 2090 ,
1687 2053 1701 2084 :
1745 2037 1929 2102 Accipe
1958 2034 2203 2103 Spiritum

1182 2112 1411 2166 Sanctum
1434 2155 1445 2175 ‚
1469 2125 1514 2164 et
1539 2123 1751 2166 excitare
1783 2121 2062 2167 memineris
2088 2137 2205 2184 qra-

1183 2201 1302 2246 tiam
1318 2237 1330 2258 ‚
1362 2217 1468 2264 quae
1497 2203 1553 2247 in
1578 2210 1622 2248 te
1643 2211 1708 2248 est
1730 2218 1822 2266 per
1851 2218 2087 2249 manuum
2109 2204 2203 2250 im-

1175 2283 1465 2346 positionem
1484 2316 1499 2342 ,
1532 2293 1618 2331 etc.
1635 2282 1838 2330 Demum
1859 2321 1871 2342 ‚
1897 2301 2021 2331 sacra
2048 2283 2199 2332 Biblia

1184 2366 1435 2428 porrigens,
1451 2362 1687 2412 concludit
1705 2382 1718 2412 ε
1738 2364 1784 2411 A
1792 2364 1944 2417 ttende
1976 2364 2173 2413 lectioni
2188 2401 2202 2426 ,

1185 2444 1533 2505 exhortationi,
1565 2447 1687 2492 serio
1719 2445 1947 2491 meditare
1994 2448 2161 2494 omnia
2184 2483 2197 2505 ‚

1184 2543 1290 2588 quae
1315 2529 1370 2573 in
1397 2525 1484 2573 hoe
1511 2525 1630 2573 libro
1657 2527 1963 2573 continentur
1982 2563 1995 2585 ‚
2029 2537 2115 2575 etc.
2134 2527 2204 2575 Ex

1186 2606 1355 2670 quibus
1373 2615 1529 2670 patet,
1551 2606 1728 2654 nullam
1761 2609 1810 2653 in
1837 2604 2070 2672 eJ'usmodi
2097 2609 2195 2656 for-

1139 2737 1143 2741 ·
1187 2688 1313 2734 mula
1342 2688 1679 2746 consecrandi,
1727 2686 1952 2735 offerendi
1998 2699 2041 2737 et
2077 2691 2204 2738 ordi·

1188 2769 1330 2815 nandi
1362 2771 1644 2816 mentionem
1687 2785 1925 2818 occurrere
1945 2805 1960 2831 ‚
1991 2787 2118 2819 secus
2146 2788 2199 2820 ac

1188 2853 1398 2898 universa
1415 2851 1597 2897 traditio
1618 2867 1794 2915 semper
1811 2857 1856 2899 et
1880 2854 2027 2899 tenuit
2046 2853 2090 2900 et
2115 2850 2200 2901 do-

1187 2935 1308 2993 cuit;
1339 2934 1778 2997 praeterquamquod
1795 2932 2008 2997 perillam
2029 2932 2204 2982 doctri-

1187 3031 1264 3062 πω
1294 3016 1538 3062 veritatem
1565 3023 1609 3061 et
1631 3012 1897 3077 Evanqelii
1914 3004 2200 3080 promulqu-

1192 3099 1369 3145 tionem
1391 3098 1654 3161 significent
1677 3097 1928 3161 Anglicani
1947 3099 2204 3146 doctrinam

1189 3181 1519 3228 calvinisticam
1550 3197 1601 3227 ac
1627 3181 1939 3227 reformatam.

1261 3262 1330 3324 (²2)
1366 3261 1439 3307 La
1465 3261 1648 3326 defense
1664 3261 1744 3308 des
1765 3260 2085 3308 Ordinations
2101 3276 2193 3308 an-

1187 3342 1399 3406 glicanes
1425 3343 1599 3407 refutes
1618 3382 1631 3403 ‚
1673 3343 1766 3391 vol.
1800 3358 1828 3389 2
1851 3378 1866 3400 ‚
1899 3340 2021 3389 Paris
2056 3357 2201 3409 1727.

1264 3423 1326 3486 (3)
1378 3422 1564 3471 Nullus
1617 3422 1697 3469 des
1741 3420 2068 3469 Ordinations
2109 3437 2202 3470 an—

1191 3503 1435 3568 ylioanes‚
1470 3519 1498 3550 2
1532 3500 1628 3550 vol.
1649 3501 1772 3548 Paris
1802 3499 1944 3565 1725.
1982 3500 2104 3550 Tum
2153 3505 2203 3550 in

99 3603 303 3650 pugnare
321 3585 520 3632 voluisse
541 3585 741 3632 valorem
761 3585 1110 3648 anglicanarum
1194 3586 1284 3634 alio
1313 3603 1447 3650 opere
1480 3601 1494 3631 z
1531 3586 1612 3631 La
1642 3584 1788 3630 meme
1816 3582 1986 3632 nullite
2004 3582 2061 3631 de
2075 3599 2203 3639 ,nou-

101 3665 466 3714 Ordinationem.
497 3664 596 3713 Cfr.
650 3665 752 3712 The
779 3663 962 3713 cathol.
992 3665 1112 3713 Ma·
1195 3681 1318 3714 veau
1330 3665 1593 3713 demontree
1614 3671 1771 3711 contre
1784 3661 1826 3710 le
1846 3663 1912 3713 P.
1941 3663 2200 3727 Gouraym
