2508 4120
511 238 632 279 CAP.
680 240 762 280 1v.
810 241 878 277 na
921 242 1039 278 sAe.
1089 241 1352 278 canitur.
1402 238 1644 276 mamma
1689 236 1809 274 n'rc.
2095 215 2207 274 137

116 383 405 465 praecipit,
427 393 490 439 ut
511 322 826 440 mulieres
811 403 874 439 in
902 382 1149 441 ecclesiis
1167 393 1419 456 taceant,
1452 401 1558 440 nec
1579 381 1646 439 iis
1670 379 1874 439 docere
1898 379 2213 487 permittit,

115 498 222 536 nec
250 476 571 535 dominari
555 498 616 534 in
644 477 878 548 virum,
910 476 1064 535 sed
1048 499 1110 534 1n
1148 477 1375 536 silentio
1405 496 1545 534 esse.

202 572 335 629 129.
384 574 501 630 Nec
533 571 741 645 refert,
770 572 979 651 passim
1001 573 1063 629 in
1091 571 1488 629 monumentis
1511 571 1899 630 ecclesiasticis
1924 570 2213 629 recenseri

117 666 454 725 diaconissas
478 713 493 741 ,
527 665 890 747 presbyteras
926 677 1026 723 aut
1068 667 1397 746 episcopa33
1435 686 1543 723 nec
1581 666 1777 744 magni
1815 677 2093 746 praeterea
2125 665 2215 723 fa-

117 761 389 820 ciendum
410 755 500 819 'est
517 805 532 833 ‚
570 760 727 841 quod
749 759 925 840 aliqui
950 759 1176 818 addunt
1197 804 1214 832 ,
1244 781 1366 817 non
1394 781 1718 838 repugnare
1744 759 2082 819 mulieribus
2108 782 2220 841 po·-

116 855 341 914 liticum
372 857 665 933 regimen,
703 855 797 914 vel
821 854 1137 913 abbatissas
1166 875 1410 934 praeesse
1434 854 1807 928 mulieribus,
1834 855 1930 914 vel
1963 855 2218 936 denique

118 949 379 1008 ethnicos
396 950 900 1008 indiscriminatim
922 949 1193 1008 mulieres
1216 969 1375 1029 aeque
1395 970 1460 1007 ac
1473 948 1627 1008 viros
1643 948 1718 1007 ad
1741 971 1867 1009 aras
1896 950 2213 1009 admisisse.
2257 977 2262 982 ·

118 1045 350 1103 Etenim
397 1044 844 1102 diaconissarum
890 1044 1251 1123 inauguratio
1281 1089 1296 1116 ,
1338 1054 1403 1101 ut
1456 1043 1708 1102 vidimus
1731 1089 1746 1117 ,
1802 1043 2026 1102 nullam
2069 1044 2222 1103 rela-

118 1139 339 1197 tionem
377 1139 453 1218 ad
484 1138 878 1196 Sacerdotium
914 1137 1199 1211 habebat,
1234 1137 1589 1219 presbyterae
1630 1160 1769 1197 vero
1806 1150 1907 1197 aut
1937 1139 2221 1220 episcopae

56 1288 69 1304 ,
117 1255 240 1291 non
270 1245 447 1306 erant,
474 1232 586 1290 nisi
619 1253 825 1290 uxores
850 1232 1319 1313 presbyterorum
1342 1233 1439 1292 vel
1461 1234 1861 1314 episcoporum
1881 1277 1898 1306 ,
1945 1253 2092 1313 quas
2125 1234 2221 1291 isti

118 1339 254 1386 ante
289 1326 732 1406 ordinationem
759 1328 1068 1387 duxerant.
1112 1328 1200 1386 Ad
1230 1327 1292 1386 id
1337 1349 1507 1403 vere,
1543 1327 1699 1410 quod
1730 1328 2002 1406 adjicitur
2028 1327 2103 1387 de
2128 1350 2224 1388 re-

118 1423 333 1502 gimine
353 1421 586 1502 politico
601 1467 617 1496 ,
634 1423 992 1503 reponimus,
1018 1422 1189 1481 aliam
1214 1444 1336 1482 esse
1359 1424 1649 1483 rationem
1665 1425 1959 1503 regiminis
1977 1423 2222 1504 politici,

123 1515 294 1574 aliam
322 1515 685 1575 ecclesiastici
713 1516 883 1595 longe
906 1516 1256 1576 sublimioris
1281 1540 1312 1576 a
1335 1518 1563 1576 Christo
1593 1519 1869 1577 instituti.
1897 1518 2066 1592 Quod
2088 1539 2226 1581 vero

117 1623 337 1693 spectat
367 1611 441 1670 ad
465 1611 779 1671 abbatissas
790 1656 814 1683 ,
838 1612 1081 1670 dicimus
1100 1656 1121 1684 ,
1148 1612 1381 1671 illarum
1402 1624 1752 1693 potestatem
1778 1635 1898 1670 non
1926 1634 2049 1672 esse
2074 1635 2228 1675 verae

109 1706 524 1783 jurisdictionis
544 1752 560 1780 ,
590 1727 716 1788 quae
753 1706 1018 1767 videlicet
1037 1729 1107 1767 ex
1130 1708 1468 1766 auctoritate
1499 1708 1752 1768 clavium
1781 1706 2101 1766 descendat
2125 1708 2227 1766 Ec·

124 1802 304 1861 clesiae
348 1823 611 1861 concessa
633 1848 649 1876 ,
696 1802 799 1862 sed
831 1819 1032 1862 earum
1078 1825 1290 1862 munus
1333 1802 1408 1862 ad
1444 1803 1807 1881 vigilantiam
1851 1803 2053 1863 referri
2082 1849 2098 1875 ,
2155 1802 2231 1861 ad

126 1918 321 1955 curam
351 1896 666 1978 quamdam
697 1897 1105 1972 domesticam,
1134 1909 1465 1956 maternam
1493 1909 1552 1955 et
1587 1899 2027 1956 oeconomicam.
2061 1897 2231 1970 QuOd

126 1993 173 2048 si
208 1991 425 2050 ethnici
459 1992 533 2050 ad
557 2014 682 2051 aras
713 1992 1102 2053 admittebant
1137 1994 1312 2051 etiam
1343 1992 1648 2067 muliereS,
1676 2015 1747 2052 ex
1773 1994 1993 2051 insanis
2028 1993 2227 2052 ethni-

127 2107 328 2144 corum
349 2086 554 2144 ritibus
583 2108 891 2168 perperam
926 2087 1230 2166 colligitur,
1264 2089 1439 2146 etiam
1470 2087 1702 2146 admitti
1734 2109 1827 2147 eas
1851 2110 2018 2169 posse
2046 2089 2108 2146 in
2135 2109 2232 2148 re-

126 2180 338 2260 ligione
377 2182 689 2241 christiana
709 2228 724 2255 ,
769 2204 900 2241 cum
939 2182 1000 2240 id
1027 2183 1195 2241 unice
1220 2205 1250 2240 a
1276 2182 1489 2241 Christi
1526 2183 1827 2243 voluntate
1867 2182 2139 2264 pendeat.
2163 2183 2234 2240 Et

129 2276 252 2336 haec
275 2278 427 2336 dicta
452 2278 740 2337 sufficiant
773 2278 1048 2339 adversus
1078 2277 1416 2336 mulierosos
1449 2278 1570 2341 sive
1608 2289 1833 2340 veteres
1877 2278 2001 2342 sive
2029 2298 2233 2338 recen—

129 2372 296 2430 tiores
327 2372 643 2432 haereticOS.
2006 2449 2008 2452 ¹

216 2465 350 2524 130.
369 2467 744 2547 Exploratum
764 2469 980 2548 pariter
1009 2480 1097 2527 est
1118 2469 1186 2525 2⁰
1216 2468 1371 2550 apud
1400 2490 1632 2543 omneS‚
1657 2468 1846 2526 solum
1873 2466 2236 2547 baptizatum

132 2557 405 2617 idoneum
422 2581 542 2618 esse
556 2560 948 2631 Ordinationis
975 2563 1100 2639 subj
1110 2574 1300 2621 ectum
1319 2587 1334 2634 ς
1363 2563 1500 2620 hinc
1515 2582 1639 2620 non
1658 2572 1744 2620 est
1760 2582 1861 2619 cur
1880 2560 2146 2642 pluribus
2171 2558 2233 2619 id

136 2653 475 2715 confirmare
510 2656 782 2713 nitamur.
815 2657 1105 2736 Baptisma
1134 2658 1290 2716 enim
1319 2668 1404 2714 est
1444 2658 1706 2714 omnium
1732 2658 2237 2715 Sacramentorum

53 2807 55 2809 .
135 2747 584 2806 fundamentum
622 2761 680 2808 et
719 2751 895 2808 totius
938 2738 1248 2831 spiritualis
1286 2752 1416 2810 vitae
1451 2756 1651 2829 janua.
1705 2751 1944 2810 Nullum
1983 2752 2237 2832 denique

135 2839 378 2900 dubium
394 2854 502 2918 est,
520 2845 659 2925 quin
676 2844 750 2903 ad
766 2845 1023 2904 valorem
1041 2845 1435 2904 Ordinationis
1452 2847 1513 2904 in
1530 2846 1738 2905 adultis
1756 2847 2082 2929 requiratur
2103 2870 2238 2907 con-

136 2957 335 2996 sensus
358 2984 372 3011 ,
393 2939 472 2996 ita
489 2951 554 2996 ut
570 2938 731 2999 nulla
747 2941 948 3021 saepius
963 2963 1026 2999 ac
1044 2941 1201 3000 irrita
1215 2964 1245 2999 a
1267 2943 1539 3000 Romanis
1564 2943 1934 3001 Pontificibus
1951 2942 2238 3002 declarata

139 3031 212 3088 sit
234 3031 533 3093 Ordinatio
558 3034 881 3094 obluctanti
906 3057 971 3095 ac
996 3037 1181 3099 invito
1209 3037 1436 3096 collata.
1452 3038 1510 3095 Si
1531 3057 1654 3118 quae
1671 3060 1842 3118 porro
1861 3046 2239 3110 monumenta

143 3125 507 3188 ecclesiastica
539 3132 892 3189 contrarium
939 3132 1180 3191 suadere
1223 3125 1498 3193 videntur
1523 3177 1538 3206 ,
1593 3133 1864 3214 explicari
1906 3132 2122 3191 debent
2166 3131 2240 3190 de

143 3218 479 3281 reluctantia
494 3224 739 3305 quadam
759 3226 968 3300 animi,
987 3249 1107 3286 non
1123 3238 1321 3287 autem
1337 3227 1409 3286 de
1429 3228 1763 3287 omnimoda
1780 3239 1837 3287 et
1851 3225 2143 3304 absoluta(
2156 3226 2235 3306 1).

215 3439 279 3502 (l)
318 3438 428 3487 Haec
455 3443 579 3489 enim
612 3445 863 3509 antiquitus
891 3443 1142 3493 invaluerat
1224 3444 1456 3509 Episcopis
1484 3444 1858 3493 consecrarentur
1879 3479 1893 3503 ,
1911 3443 2024 3490 dum
2048 3442 2242 3492 Diaconi

148 3521 431 3569 consuetudo
453 3558 468 3580 ‚
498 3532 549 3569 ut
566 3526 728 3587 passim
759 3526 959 3588 insignes
983 3542 1143 3574 mona·
1225 3544 1302 3575 eos
1335 3527 1526 3574 firmiter
1556 3534 1795 3586 tenerent,
1835 3524 2069 3572 interdum
2105 3527 2239 3572 etiam

147 3602 222 3649 chi
240 3613 317 3650 aut
344 3605 392 3649 in
416 3602 584 3667 populo
611 3605 790 3653 coelibes
808 3606 866 3653 ad
882 3605 1146 3654 clericatum
1229 3625 1279 3655 os
1311 3610 1698 3671 comprimerent,
1725 3623 1784 3653 ne
1811 3604 2137 3666 reclamarent.
2164 3602 2242 3652 Sic

150 3692 417 3748 raperentur
434 3722 447 3745 ,
471 3695 514 3733 et
542 3686 670 3734 inviti
696 3702 750 3734 ac
772 3686 1068 3736 reclamantes
1090 3687 1148 3736 ab
1232 3691 1355 3745 enim
1385 3688 1497 3736 olim
1527 3687 1698 3736 factum
1737 3687 1823 3736 suit
1861 3686 1913 3737 S.
1945 3687 2207 3754 Epiphanio
2225 3722 2239 3745 ‚
