2612 4146
313 192 394 251 24
946 215 1269 256 TnAc'rA'rus
1313 216 1382 252 nn
1424 213 1836 255 moneamus.

317 360 790 436 satisfactiones,
828 367 1005 439 prout
1039 357 1225 415 facere
1255 356 1501 416 Ecclesia
1528 346 1862 434 consuevit,
1912 357 2017 418 sed
2041 355 2177 416 satis
2206 356 2258 416 ei
2291 364 2441 416 esset

316 463 608 534 potestate
631 475 732 512 sua
759 454 845 511 uti
865 497 880 526 ,
911 451 1045 532 quia
1077 451 1245 509 sicuti
1283 472 1536 512 canones
1569 453 2004 535 poenitentiales
2043 451 2330 524 instituit,
2363 451 2443 510 sic

317 568 416 606 eos
454 547 713 629 relaxare
758 557 971 627 potest.
1030 546 1299 622 Accedit,
1352 548 1509 629 quod
1538 548 1601 606 in
1640 548 2102 609 adversariorum
2139 544 2450 627 hypothesi

320 642 709 723 indulgentiae
741 643 936 700 forent
958 641 1106 701 nulli
1147 643 1549 704 emolumento
1573 643 1718 718 illis,
1748 647 1848 726 qui
1875 646 2037 705 nulla
2075 645 2318 704 crimina
2343 663 2452 701 'ca-

321 739 530 796 nonica
578 737 674 797 vel
717 736 927 796 saltem
961 741 1213 817 publica
1252 752 1713 822 perpetrassent.
1755 739 2054 822 Siquidem
2083 739 2453 822 exploratum

282 866 284 868 ·
326 845 414 892 est
451 830 609 912 apud
642 831 899 890 eruditos
920 878 935 907 ,
959 855 1067 914 pro
1091 834 1227 893 solis
1253 837 1503 917 peccatis
1523 836 1811 895 canonicis
1848 847 1909 896 et
1929 835 2175 916 publicis
2202 854 2454 894 canones

321 925 567 1009 publicae
606 928 972 1007 poenitentiae
1011 928 1185 989 fuisse
1233 932 1615 1004 constitutos,
1653 953 1846 1012 neque
1886 951 2152 1013 unquam
2207 939 2451 1012 peccata

319 1022 541 1082 occulta
590 1022 823 1104 publica
863 1026 1248 1104 poenitentia,
1296 1026 1413 1085 lata
1467 1027 1674 1087 saltem
1712 1027 1872 1107 lege,
1928 1027 2103 1085 fuisse
2136 1023 2455 1106 expianda.

320 1119 712 1200 Quapropter,
728 1118 777 1177 si
793 1118 1205 1180 admitteretur
1221 1122 1683 1183 adversariorum
1698 1122 2071 1203 principium,
2091 1130 2455 1201 sequeretur,

321 1212 515 1272 nullas
551 1213 727 1295 plane
767 1213 1165 1294 Indulgentias
1191 1238 1314 1277 esse
1343 1240 1452 1299 pro
1479 1216 1894 1276 innocentibus
1918 1263 1933 1291 ,
1967 1216 2158 1275 nullas
2185 1237 2292 1296 pro
2323 1233 2462 1295 pec-

323 1308 614 1368 catoribus
653 1309 889 1369 occultis
906 1354 923 1384 ,
964 1311 1067 1370 sed
1083 1311 1272 1371 solum
1296 1335 1404 1395 pro
1437 1313 1758 1372 idololatris
1780 1358 1796 1388 ,
1821 1312 2109 1372 sceleratis
2135 1331 2201 1369 ac
2230 1308 2460 1391 publice

322 1403 697 1478 facinorosis3
738 1426 866 1486 quae
902 1408 1099 1466 omnia
1128 1407 1271 1467 falsa
1309 1420 1369 1467 et
1397 1407 1649 1468 absurda
1687 1420 1846 1467 sunt.

406 1500 506 1559 48.
556 1502 640 1560 Ad
695 1503 779 1559 21¹1
806 1545 823 1576 ,
859 1502 1009 1581 Neq.
1058 1509 1211 1563 min.
1253 1516 1318 1562 ut
1356 1516 1522 1586 patet
1570 1526 1642 1564 ex
1692 1504 1869 1563 modo
1913 1502 2101 1561 dictis·
2147 1501 2459 1560 Insaniunt

322 1598 583 1679 profecto
614 1599 986 1674 Jansenistae,
1020 1602 1119 1682 qui
1157 1603 1461 1660 canonicas
1490 1623 1695 1684 poenas
1725 1603 2050 1661 etiamnum
2072 1599 2267 1675 vigere
2299 1607 2465 1655 autu-

325 1704 514 1752 mant.
544 1694 701 1753 Licet
720 1696 878 1753 enim
899 1697 1249 1777 poenitentia
1269 1698 1545 1756 canonica
1568 1697 1844 1777 abrogata
1869 1719 1991 1755 non
2013 1695 2187 1753 fuerit
2209 1693 2460 1775 positivo

327 1787 520 1869 aliquo
558 1789 824 1865 decretO,
871 1790 1086 1850 abolita
1122 1803 1325 1852 tamen
1363 1805 1451 1852 est
1493 1794 1783 1852 contraria
1824 1804 1914 1850 tot
1951 1790 2279 1850 seculorum
2319 1810 2463 1847 con-

326 1884 635 1944 suetudine
672 1887 781 1966 (l).
818 1886 962 1947 Inde
990 1889 1148 1947 enim
1180 1890 1374 1971 potius
1399 1911 1623 1949 novum
1650 1891 1878 1968 exurgit
1912 1897 2325 1967 argumentum
2356 1906 2463 1965 pro

327 1979 836 2059 Indulgentiarum
849 1985 910 2043 vi
935 2005 1007 2042 ex
1029 1984 1289 2043 Concilio
1315 1984 1661 2044 Tridentino
1684 2029 1700 2060 ,
1727 1983 1885 2065 quod
1900 1981 2238 2057 declaravit,
2270 1977 2469 2039 Indul-

327 2076 655 2154 gentiarum
702 2100 871 2136 usum
914 2100 1037 2138 esse
1091 2079 1425 2139 Christiano
1467 2079 1687 2161 populo
1730 2084 1997 2139 maxime
2042 2084 2372 2137 salutarem
2415 2085 2471 2132 ec

328 2174 717 2231 retinendum
747 2179 916 2251 juxta
960 2196 1338 2234 communem
1386 2188 1525 2233 tunc
1563 2176 1847 2256 temporis
1885 2195 2142 2232 sensum.
2192 2172 2465 2251 Quinque

327 2288 505 2348 porro
539 2279 599 2326 et
635 2269 886 2349 amplius
924 2269 1131 2329 seculis
1166 2282 1303 2329 ante
1339 2270 1674 2328 Tridentini
1714 2281 1951 2328 aetatem
1983 2272 2110 2345 jam
2142 2276 2468 2325 cessaverat

327 2365 681 2444 poenitentia
730 2367 1042 2437 canonicaz,
1086 2387 1357 2446 expresse
1399 2377 1599 2425 tamen
1624 2364 2016 2446 profitebatur
2047 2362 2289 2421 Ecclesia
2315 2407 2330 2435 ,
2360 2363 2470 2420 In-

331 2458 693 2536 dulgentiam
721 2482 845 2544 esse
879 2482 1081 2520 veram
1122 2482 1311 2542 poenae
1347 2461 1686 2543 temporalis
1725 2464 1844 2520 Deo
1874 2459 2085 2518 debitae
2113 2459 2174 2517 in
2212 2458 2336 2516 foro
2372 2458 2468 2516 in-

332 2565 503 2612 terno
537 2555 960 2615 remissionem.
995 2558 1114 2615 Nec
1150 2556 1298 2614 illud
1337 2556 1734 2637 omittendum
1757 2601 1772 2631 ,
1820 2554 1979 2636 quod
2020 2554 2347 2613 Concilium
2378 2553 2470 2611 lo-

334 2661 547 2729 quatur
562 2649 634 2708 de
655 2650 1062 2730 indulgentiis,
1088 2675 1231 2733 quas
1258 2674 1390 2711 cum
1416 2637 1669 2712 Luthero
1692 2655 2090 2711 Protestantes
2107 2649 2467 2729 rejiciebant.

335 2744 512 2824 Atqui
548 2744 834 2803 Lutherus
889 2767 1022 2804 cum
1071 2751 1186 2806 suis
1234 2749 1502 2825 assecliS‚
1546 2750 1634 2806 uti
1683 2749 2055 2828 exposuimus
2092 2791 2107 2819 ,
2162 2766 2471 2826 nunquam

341 2839 602 2917 negavit,
623 2839 932 2898 Ecclesiam
962 2863 1131 2922 posse
1160 2842 1475 2902 concedere
1500 2842 1928 2922 Indulgentiam
1950 2843 2011 2899 in
2045 2841 2168 2899 foro
2197 2852 2469 2914 externo,

335 2934 456 2992 imo
487 2933 547 2991 id
585 2956 855 3016 expresse
890 2937 1180 3018 professus
1206 2949 1331 3015 est3
1360 2937 1462 2997 sed
1496 2937 1685 2996 solum
1712 2938 1999 2996 inficiatus
2023 2948 2130 3010 est,
2155 2934 2348 2996 valere
2382 2937 2472 2994 In-

338 3028 665 3108 dulgentias
697 3031 760 3088 in
798 3031 921 3090 foro
956 3033 1190 3091 interno
1224 3032 1301 3091 ad
1332 3031 1749 3107 remittendam
1791 3054 2035 3114 poenam
2074 3030 2470 3113 temporalem

341 3146 535 3183 coram
573 3128 711 3184 Deo·

424 3222 522 3278 49.
579 3221 666 3280 Ad
703 3220 823 3296 3¹1¹,
869 3223 1026 3281 Dz‘st.
1070 3221 1440 3302 Indulgentia
1485 3224 1548 3284 in
1583 3228 1716 3302 jure
1752 3223 1971 3307 passim
2009 3220 2347 3282 conceditur
2400 3224 2470 3282 de

330 3321 533 3394 poenis
563 3321 888 3396 injunctis,
912 3317 975 3376 id
1008 3328 1128 3392 est,
1169 3319 1243 3378 de
1278 3320 1490 3401 poeniS,
1521 3318 1731 3401 quibus
1754 3318 2063 3379 obstrictus
2095 3329 2183 3377 est
2205 3331 2472 3399 peccator

415 3506 474 3567 (l)
514 3504 839 3558 Csr.Morinus
862 3547 876 3571 ‚
901 3508 981 3558 De
998 3503 1352 3572 Poenit.lib.x‚
1439 3512 1588 3559 storia
1632 3510 1887 3560 ecclesiast.
1937 3528 1963 3559 e
2009 3510 2091 3559 dei
2129 3511 2333 3561 diaconi
2371 3475 2463 3564 *del

345 3605 447 3651 cap.
485 3575 544 3635 i6
581 3595 624 3637 et
660 3607 789 3657 seqq.
832 3596 1083 3656 praesertim
1131 3609 1233 3657 cap.
1272 3591 1358 3641 25.
1440 3594 1533 3657 εἰς.
1568 3593 1648 3643 ab.
1681 3592 1866 3658 Fleury
1893 3631 1907 3655 ‚
1936 3605 2053 3659 part.
2085 3612 2133 3652 1,
2168 3606 2256 3644 art.
2283 3611 2299 3640 1
2321 3628 2336 3653 ‚
2373 3590 2400 3658 ξ
2438 3591 2471 3640 6

346 3669 443 3718 Cfr.
468 3672 606 3719 etiam
635 3670 996 3734 CLMarchetti,
1029 3674 1217 3723 Critica
1235 3673 1358 3722 della
1444 3685 1491 3726 et
1524 3692 1571 3740 7.
