2508 4120
264 89 381 151 410
910 92 1229 154 ranem-rus
1273 113 1341 152 nt
1386 113 1760 157 nnamomo.
1842 115 1847 125 ¹

261 255 483 330 ordini,
521 255 622 337 qui
657 277 689 314 a
726 254 1088 336 legislatione
1122 257 1397 317 inductus
1423 270 1512 319 est
1546 260 1659 341 (1).
1698 260 1765 320 4⁰
1790 263 1958 323 Ratio
1989 282 2164 347 porro
2185 269 2397 332 harum

260 353 454 433 legum
502 363 703 434 aperta
747 364 870 427 est3
915 354 1226 413 auctoritas
1271 355 1434 414 enim
1487 368 1734 438 paterna
1769 369 1829 418 et
1853 364 1983 438 jue),
2027 351 2295 444 quod&
2329 390 2397 431 ea

261 446 536 530 profluit,
576 448 764 507 oritur
802 460 1036 508 tantum
1076 470 1146 509 ex
1184 451 1453 531 conjugio
1480 455 1606 530 jam
1646 465 1945 515 contracto
1981 481 1997 531 .·,
2050 479 2230 539 quare
2267 477 2401 524 cum

258 554 427 624 pater
460 565 567 625 per
604 543 778 624 hujus
804 555 1038 604 tantum
1068 548 1638 607 consummationem
1661 553 1758 628 jus
1785 552 2044 633 acquirat
2071 599 2086 627 ,
2120 575 2186 613 ac
2217 556 2404 636 possit

259 660 320 698 se
353 637 612 720 obligare
648 640 723 700 ad
763 640 986 723 aliquid
1006 687 1022 717 ,
1063 641 1226 724 quod
1257 644 1454 725 ipsum
1482 645 1818 725 conjugium
1848 646 2061 708 afficiat
2081 695 2097 723 .,
2137 631 2404 733 sequitur

259 736 501 818 pariter,
514 759 653 797 eum
672 750 815 798 tunc
836 740 1121 822 temporis
1139 750 1375 799 tantum
1397 762 1458 801 se
1475 740 1841 822 obstringere
1860 764 2030 827 posse
2057 746 2204 805 circa
2219 747 2402 829 prolis

255 831 692 894 institutionem
739 835 853 917 (2).
911 835 979 894 50
1027 838 1168 910 Quae
1218 856 1354 895 cum
1405 837 1486 896 ita
1526 838 1685 912 sint,
1745 861 1868 898 non
1920 839 2099 901 debet
2154 842 2402 904 Ecclesia

256 928 866 1012 scrupulos'ingerere
914 932 1282 992 conscientiis
1332 931 1596 993 delicatis
1655 953 1978 1020 earumque
2017 952 2223 1020 pacem
2263 960 2404 1021 per-

256 1024 501 1086 turbare
535 1027 663 1108 (3);
718 1028 784 1086 60
826 1038 1052 1088 attenta
1101 1030 1428 1110 praesertim
1478 1031 1680 1112 praxi,
1731 1052 1859 1114 quae
1907 1034 2139 1111 jamdiu
2173 1034 2235 1093 in
2279 1057 2404 1095 non

255 1122 456 1203 paucis
483 1122 834 1184 dioecesibus
864 1124 1118 1184 invaluit
1137 1170 1152 1200 7
1188 1123 1263 1185 de
1287 1125 1697 1186 consecrandis
1728 1129 1953 1211 nuptiis
1979 1131 2180 1189 mixtis
2216 1130 2404 1192 bene-

258 1216 549 1296 dictione,
590 1221 862 1303 quamvis
909 1219 1072 1281 nulla
1111 1222 1348 1303 sponsio
1382 1222 1539 1282 inter
1574 1223 1995 1286 contrahentes
2037 1229 2404 1309 praecesserit

256 1315 404 1376 circa
421 1316 768 1377 catholicam
795 1318 1009 1378 futurae
1036 1316 1252 1376 sobolis
1278 1317 1712 1379 institutionem
1736 1319 1860 1401 (4);
1886 1320 1955 1380 70
1971 1322 2180 1382 saltem
2194 1325 2403 1384 conni-

259 1434 396 1472 vere
424 1412 603 1475 debet
620 1413 892 1490 Ecclesia,
911 1426 976 1473 ut
993 1414 1195 1495 sponsi
1221 1414 1380 1474 inter
1397 1436 1458 1474 se
1474 1417 1829 1476 conveniant
1849 1417 1923 1477 de
1938 1419 2209 1479 masculis
2231 1421 2404 1480 insti-

259 1509 494 1569 tuendis
524 1511 587 1569 in
607 1510 885 1591 religione
910 1511 1096 1592 patris
1117 1555 1133 1584 ,
1165 1510 1396 1569 feminis
1428 1533 1566 1571 vero
1590 1512 1651 1570 in
1674 1512 1959 1595 religione
1989 1517 2211 1576 matris,
2236 1517 2402 1597 Ergo·

342 1606 484 1666 341.
537 1609 710 1689 Resp.
750 1606 840 1666 Ad
885 1609 999 1680 11¹¹,
1039 1606 1191 1687 Ney.
1221 1608 1539 1688 Nunquam
1573 1609 1865 1690 siquidem
1887 1609 2134 1670 Ecclesia
2163 1612 2403 1672 recessit

257 1724 290 1760 a
330 1702 657 1784 principiO,
704 1701 864 1783 quod
909 1701 1367 1778 vindicavimus,
1419 1703 1580 1784 quod
1630 1704 1847 1765 scilicet
1883 1727 1992 1765 nec
2036 1708 2265 1787 possint
2291 1729 2402 1768 nec

258 1797 519 1858 debeant
559 1797 962 1857 administrari
989 1798 1365 1856 Sacramenta
1408 1811 1539 1857 actu
1565 1821 1839 1881 perverse
1876 1799 2192 1883 dispositis,
2227 1801 2403 1863 Aliud
2443 1859 2445 1862 .

257 1917 434 1977 porro
471 1906 559 1954 est
594 1895 683 1975 agi
717 1893 790 1952 de
822 1893 1017 1956 valida
1040 1939 1056 1967 a
1094 1893 1253 1952 aliud
1290 1916 1430 1954 vero
1457 1893 1532 1954 de
1567 1894 1826 1976 legitima
1865 1919 1966 1956 seu
2001 1896 2156 1957 licita
2201 1900 2408 1959 Sacra—

261 1991 448 2051 menti
479 1990 1013 2051 administratione.
1042 1989 1291 2050 Ecclesia
1326 1991 1595 2072 quamvis
1624 2013 1860 2075 semper
1881 1993 2251 2054 exhorruerit
2273 2015 2408 2054 con-

251 2089 411 2170 jugia
457 2089 677 2163 mixta,
712 2109 785 2147 ea
823 2098 1027 2146 tamen
1060 2086 1270 2146 habuit
1312 2098 1380 2146 ut
1422 2086 1615 2148 valide
1657 2101 1956 2148 contracta
1996 2090 2109 2170 (5).
2157 2089 2409 2164 Quando

261 2208 427 2246 suam
451 2184 662 2245 tribuit
688 2183 1166 2242 benedictionem
1188 2228 1203 2255 ‚
1238 2205 1361 2242 non
1400 2183 1456 2242 ei
1483 2201 1651 2243 mens
1684 2196 1773 2244 est
1801 2206 1931 2244 eam
1962 2185 2226 2244 conferre
2251 2186 2407 2266 parti

262 2280 591 2342 acatholicae
613 2327 629 2355 .‚
664 2301 844 2362 quam
872 2279 1096 2360 optime
1129 2278 1297 2339 novit
1331 2298 1525 2360 neque
1560 2279 1622 2337 in
1651 2280 1918 2359 conjugio
1947 2279 2262 2339 admittere
2300 2281 2407 2339 Sa-

262 2380 548 2439 cramenti
570 2376 920 2456 dignitatem
946 2421 962 2450 a
991 2395 1188 2457 neque
1216 2375 1506 2433 aestimare
1527 2374 1688 2432 hunc
1710 2375 1894 2432 ritum
1918 2396 2145 2433 sacrum
2164 2419 2182 2451 ‚
2214 2395 2407 2457 neque

264 2474 567 2536 vinculum
610 2472 911 2553 conjugale
948 2483 1016 2531 ut
1053 2469 1365 2530 insolubile
1399 2469 1656 2544 habere3
1699 2469 1804 2530 sed
1841 2491 1973 2529 eam
2011 2469 2272 2530 tribuere
2310 2470 2406 2530 in—

264 2571 458 2633 tendit
498 2583 733 2631 tantum
771 2570 928 2652 parti
960 2567 1293 2643 catholicae‚
1334 2588 1437 2627 seu
1479 2566 1599 2625 filio
1631 2578 1734 2625 aut
1773 2566 1902 2627 filiae
1942 2587 2089 2643 suae,
2134 2567 2402 2649 quamvis

265 2667 439 2728 ambo
477 2668 679 2750 sponsi
721 2687 781 2727 se
813 2687 1008 2725 coram
1047 2663 1302 2748 parocho
1344 2664 1557 2723 sistant
1590 2662 1703 2744 (6).

335 2860 403 2926 (l)
443 2860 515 2909 Ita
532 2869 692 2909 auctor
709 2861 840 2909 artic.
863 2857 1028 2906 insert.
1049 2856 1102 2904 in
1132 2853 1296 2923 Ephe·
1449 2856 1515 2919 (k)
1555 2854 1677 2903 Ibid.
1693 2853 1819 2903 dieb.
1837 2851 1891 2917 8,
1907 2870 1940 2920 9
1958 2891 1971 2915 ,
2009 2870 2066 2901 10
2093 2863 2138 2901 et
2163 2868 2177 2900 ι
2196 2869 2239 2901 1.
2265 2852 2404 2903 Febr.

264 2943 449 2993 merida
477 2941 749 2991 universali
774 2941 939 2991 diebus
970 2938 1034 3001 8,
1056 2957 1091 3006 9
1112 2977 1127 3002 ,
1162 2956 1220 2987 10
1252 2950 1298 2988 et
1448 2937 1515 3001 (ὅ)
1551 2935 1660 2984 Sola
1711 2935 1930 3003 Synodus
1985 2935 2206 2984 Trullana
2232 2974 2246 2996 ‚
2304 2952 2409 3002 quae

275 3044 291 3075 ι
311 3044 326 3075 ι
366 3027 588 3076 Februar.
613 3028 696 3093 qui
730 3025 779 3074 id
804 3024 1005 3073 affirmat
1028 3022 1297 3073 auctoritati
1382 3031 1539 3070 tamen
1558 3020 1615 3068 ab
1637 3017 1842 3068 Ecclesia
1870 3018 2084 3068 Romana
2105 3029 2289 3084 recepta
2310 3036 2408 3067 non

267 3114 463 3159 innixus
493 3109 802 3175 Rechbergeri
825 3146 837 3166 ‚
860 3110 994 3174 cujus
1022 3125 1138 3172 opus
1171 3106 1300 3155 velut
1383 3116 1471 3166 est,
1489 3103 1741 3152 declaravit
1758 3102 1961 3151 invalida
1974 3101 2209 3150 connubia
2225 3103 2366 3149 mixta
2393 3116 2409 3164 3

267 3191 570 3258 evanqelium
596 3193 714 3258 juris
736 3191 949 3240 canonici
980 3199 1172 3254 spectat.
1210 3188 1295 3235 At·
1381 3204 1489 3235 eum
1523 3204 1632 3234 vcro
1662 3185 1926 3233 Ludovicus
1958 3202 2031 3233 xiv
2068 3184 2157 3232 lata
2188 3181 2285 3249 lege
2303 3200 2413 3231 con-

271 3288 425 3325 tamen
441 3295 526 3325 nos
544 3278 757 3342 superius
774 3275 977 3324 vidimus
996 3310 1010 3332 ‚
1038 3276 1297 3338 pessimum
1380 3271 1585 3321 stituerit
1608 3275 1658 3320 in
1681 3271 1840 3321 Galliis
1862 3272 1944 3320 has
1971 3274 2090 3336 ipsas
2127 3271 2315 3335 nuptias
2336 3272 2413 3316 in-

271 3361 361 3408 hoc
392 3377 507 3423 opus
537 3360 596 3407 ab
630 3369 826 3424 utraque
857 3366 1105 3422 potestate.
1149 3355 1297 3404 eccle·
1381 3356 1558 3406 validas
1579 3393 1592 3416 ‚
1642 3355 1859 3420 Episcopi
1913 3353 2034 3402 Galli
2079 3356 2128 3401 in
2159 3354 2287 3418 praxi
2339 3369 2415 3400 eas

270 3430 451 3492 siastiea
488 3453 530 3491 et
560 3443 722 3503 civili,
764 3442 1077 3506 proscriptum
1108 3438 1252 3486 fuisse
1280 3475 1293 3498 ,
1383 3457 1565 3505 semper
1601 3448 1871 3505 spectarunt
1910 3448 1959 3485 ut
1994 3436 2167 3486 validas
2199 3438 2250 3484 in
2296 3435 2413 3484 facie

271 3537 415 3592 atque
454 3544 481 3574 a
518 3526 689 3574 scholis
726 3524 946 3574 omnibus
981 3523 1295 3572 eliminatum.
1384 3522 1625 3571 Ecclesiae.

343 3608 411 3673 (2)
450 3608 580 3657 Idem
603 3645 615 3669 ,
661 3609 749 3656 loc.
792 3610 874 3655 cit.
1455 3603 1525 3670 (6)
1559 3603 1661 3653 Cfr.
1684 3602 1923 3668 Dollinger
1943 3638 1957 3664 ,
1978 3619 2055 3666 op.
2090 3603 2171 3650 cit.
2194 3617 2294 3665 pag.
2326 3594 2410 3646 35.

343 3690 410 3753 (3)
449 3690 573 3740 Ibid.
602 3690 766 3740 diebus
788 3687 916 3755 9·15
943 3689 1078 3738 Mart.
1107 3684 1249 3734 1838.
