2508 4120
438 171 557 207 car.
608 173 694 207 111.
741 172 807 207 nn
849 171 1234 211 mrummnn'ris
1279 174 1653 228 musmonn,
1700 176 1820 214 mc·
2067 154 2186 215 305

92 333 443 393 consequens
478 324 566 372 est
593 358 608 385 ,
647 313 798 373 hanc
835 326 1181 395 potestatem
1218 336 1319 376 seu
1342 321 1437 394 jus
1472 316 1576 376 has
1599 316 1750 397 leges
1788 317 2076 378 condendi
2111 320 2188 379 ad

87 406 222 466 fidei
246 406 454 486 dogma
480 408 790 488 pertinere.

171 501 305 561 188.
351 502 438 561 Ad
467 502 584 575 311²,
623 502 773 582 Neq.
807 503 888 562 Ut
918 514 1080 584 patet
1109 524 1182 562 ex
1207 502 1406 579 dictis,
1443 525 1508 563 ac
1537 505 1784 586 proinde
1808 527 1939 586 neq.
1972 508 2185 588 parita-

87 608 208 655 tem
230 595 382 655 inter
397 617 644 656 canones
664 596 1030 656 Tridentinos
1048 607 1107 656 et
1121 598 1561 677 responsionem
1588 598 1806 658 Nicolai
1833 602 1886 673 Ι,
1911 600 1959 659 si
1986 611 2186 662 tamen

88 689 416 750 authentica
439 736 454 763 ,
501 712 566 749 ac
605 712 725 749 non
759 692 988 772 potius,
1020 701 1087 748 ut
1136 689 1331 771 plures
1367 693 1732 772 suspicantur
1753 737 1769 766 a
1813 693 2042 773 spuria,
2090 696 2187 757 vel

87 785 292 844 saltem
322 784 668 866 interpolata
694 783 793 844 illa
825 783 1041 844 Nicolai
1058 783 1296 865 epistola
1328 784 1599 844 habenda
1622 796 1730 845 est.
1755 787 2032 849 Similiter.
2057 811 2183 870 neq.

87 889 444 959 postremam
488 889 715 960 partem
770 879 1048 960 propositi
1083 880 1408 958 argumenti
1445 878 1812 960 desumptam
1844 901 1916 940 ex
1949 884 2186 944 nomine

84 972 364 1033 Ecclesioe
382 997 402 1038 ‚-
436 994 561 1054 quae
598 973 791 1032 omnia
824 994 895 1032 ex
929 973 1206 1032 hactenus
1237 972 1542 1054 disputatis
1573 986 1869 1033 corruunt.

170 1066 304 1126 189.
356 1066 486 1145 Ohj.
515 1066 784 1126 secunda.
819 1069 880 1125 10
905 1068 1043 1141 Quae
1072 1068 1371 1148 pertinent
1391 1067 1465 1126 ad
1497 1069 1853 1127 Sacramenti
1877 1072 2186 1131 essentiam

86 1172 146 1219 et
179 1162 438 1221 divinam
482 1161 703 1221 habent
741 1183 772 1220 a
809 1161 1035 1220 Christo
1076 1162 1544 1236 institutionem,v
1568 1162 1742 1243 plane
1782 1162 2187 1244 distinguenda

88 1267 224 1315 sunt
244 1255 317 1315 ab
342 1257 409 1314 iis
431 1301 447 1330 7
469 1278 594 1337 quae
627 1267 763 1314 sunt
786 1255 1194 1314 tantummodo
1219 1255 1408 1315 eidem
1433 1257 1810 1316 Sacramento
1834 1261 2140 1319 accessoria
2159 1305 2176 1336 ‚

86 1362 259 1431 atque
295 1362 492 1430 postea
521 1349 763 1409 inducta
795 1349 870 1408 ab
907 1349 1170 1410 Ecclesia.
1205 1350 1371 1423 Quod
1408 1351 1565 1410 enim
1593 1353 1963 1412 Sacramento
1986 1375 2184 1414 essen-

83 1445 221 1505 tiale
254 1458 374 1518 est,
412 1456 470 1503 et
494 1466 527 1502 a
553 1444 782 1504 Christo
819 1446 1187 1519 institutum,
1223 1445 1367 1504 illud
1402 1457 1555 1506 certa
1586 1444 1902 1506 stabilitate
1938 1449 2185 1526 gaudet3

85 1539 369 1622 quidquid
392 1549 588 1597 autem
615 1537 688 1597 ab
703 1537 947 1598 Ecclesia
964 1538 1268 1597 inductum
1292 1550 1379 1598 est
1396 1583 1412 1613 ,
1431 1538 1635 1598 eadem
1656 1539 1970 1601 stabilitate
1993 1554 2148 1601 caret
2169 1587 2186 1617 ,

83 1645 257 1715 atque
288 1645 478 1691 totum
504 1632 577 1690 ad
614 1653 706 1691 eas
742 1632 894 1710 leges
931 1632 1213 1705 reFertur.,
1247 1654 1375 1713 quae
1409 1631 1730 1713 disciplinae
1754 1646 2187 1716 nuncupantur.

86 1731 261 1812 Atqui
301 1730 652 1789 Matrimonii
695 1728 1116 1809 impedimenta
1174 1740 1455 1809 tanquam
1502 1728 1575 1787 ab
1622 1729 1867 1789 Ecclesia
1917 1731 2187 1813 deinceps

86 1825 398 1883 constituta
436 1834 878 1904 propugnantur
918 1848 935 1896 ς
976 1844 1110 1902 ergo
1141 1822 1225 1881 illi
1258 1844 1504 1882 canones
1548 1823 1876 1882 Tridentini
1899 1825 1975 1883 ad
2003 1826 2186 1885 solam

89 1915 454 1999 disciplinam
477 1918 676 1976 referri
713 1928 988 1999 possunt,
1030 1938 1098 1976 eo
1137 1916 1230 1977 vel
1258 1917 1437 1997 magis
1464 1917 1622 1997 quod
1657 1916 1730 1975 ab
1760 1918 2042 1996 ejusmodi
2077 1921 2186 1979 im·

84 2014 438 2094 pedimentis
468 2012 860 2072 concedantur
893 2012 1384 2093 dispensationeS‚
1417 2032 1543 2092 quae
1569 2012 1631 2070 in
1654 2011 1788 2071 fidei
1818 2012 2183 2092 dogmatibus

84 2108 275 2166 locum
297 2107 513 2167 habere
544 2130 664 2166 non
690 2118 948 2188 possunt.
982 2107 1050 2164 20
1079 2108 1294 2164 Rursus
1321 2128 1333 2163 :
1364 2116 1626 2164 constare
1660 2115 1814 2165 certe
1844 2129 1965 2166 non
1995 2119 2187 2189 potest

68 2203 380 2285 vquidpiam
400 2202 704 2261 definitum
722 2203 895 2261 fuisse
912 2223 942 2260 a
962 2200 1316 2259 Tridentinis
1333 2245 1348 2272 ,
1382 2199 1538 2280 quod
1555 2199 1630 2259 ad
1644 2199 1852 2279 dogma
1869 2203 2184 2282 pertineat.

79 2299 190 2356 nisi
216 2309 373 2358 certo
402 2309 626 2356 constet
653 2298 714 2355 in
738 2296 1088 2356 Tridentinis
1108 2294 1350 2354 decretis
1368 2299 1472 2370 jus
1497 2294 1802 2353 definitum
1826 2295 1996 2355 fuisse
2014 2341 2030 2370 ‚
2062 2319 2185 2356 non

78 2414 218 2454 vero
270 2397 541 2471 factum3
589 2394 752 2473 atqui
793 2404 987 2450 utrum
1033 2389 1280 2451 Ecclesia
1325 2389 1604 2449 erraverit
1646 2409 1830 2448 necne
1856 2389 1933 2447 -in
1970 2393 2187 2450 consti-

80 2486 312 2545 tuendis
335 2486 687 2545 Matrimonii
705 2484 1141 2565 impedimentis
1156 2529 1172 2558 ,
1193 2504 1284 2541 res
1311 2482 1439 2540 facti
1456 2493 1543 2540 est
1559 2525 1577 2555 ‚
1599 2482 1841 2541 minime
1862 2485 2179 2562 verojuri83

92 2601 223 2639 cum
255 2602 387 2659 ergo
410 2580 817 2639 Tridentinum
840 2579 908 2635 in
938 2599 1062 2637 can.
1094 2580 1166 2635 IV
1210 2576 1531 2644 definierit,
1566 2575 1871 2635 Ecclesiam
1906 2578 1968 2636 in
1994 2578 2182 2660 impe-

90 2676 365 2735 dimentis
390 2672 805 2734 constituendis
832 2694 953 2731 non
977 2693 1191 2742 errasse
1207 2716 1223 2746 .,
1251 2670 1504 2752 profecto
1535 2691 1660 2730 rem
1683 2671 1813 2732 facti
1844 2671 2178 2752 declaravit,

87 2794 207 2830 non
247 2793 383 2831 vero
404 2772 568 2849 juris,

173 2866 308 2925 190.
357 2869 528 2947 Resp.
567 2864 652 2923 Ad
687 2866 796 2939 1¹1¹.
828 2867 983 2924 Dz‘st.
1020 2869 1163 2922 min.
1204 2863 1624 2945 impedimenta
1658 2875 1935 2946 tanquam
1978 2864 2051 2924 ab
2075 2868 2180 2927 Ec-

93 2959 258 3019 clesia
293 2960 562 3042 deinceps
591 2960 901 3019 constituta
934 2970 1404 3040 propugnantur,
1441 2980 1636 3027 conc.,·
1672 2960 1794 3039 ipsa
1827 2971 2080 3042 potestas
2113 2983 2179 3022 ea

92 3054 509 3129 constituendi,
539 3077 668 3134 neq.
702 3056 827 3111 Duo
849 3054 1160 3114 adversarii
1185 3055 1534 3135 permiscent
1557 3054 1619 3112 in
1641 3052 1815 3113 allato
1841 3067 2187 3134 argumento

91 3147 263 3228 plane
291 3150 442 3207 inter
469 3170 528 3209 se
555 3149 847 3223 distincta,
884 3169 1098 3229 nempe
1133 3159 1482 3229 potestatem
1505 3170 1606 3208 seu
1634 3151 1727 3225 jus
1760 3160 1818 3208 et
1846 3151 2180 3212 exercitium

92 3262 192 3299 seu
216 3241 499 3319 objectum
515 3242 770 3320 ejusdem
786 3244 1086 3323 potestatis
1111 3264 1210 3301 seu
1227 3243 1390 3319 juriS.
1419 3246 1770 3302 Potestatem
1797 3242 2055 3304 Ecclesiae
2076 3244 2180 3306 de-

90 3336 282 3396 finivit
293 3336 608 3395 Concilium
628 3335 1033 3395 Tridentinum
1051 3336 1123 3395 de
1138 3336 1250 3396 fide
1264 3358 1385 3396 esse
1405 3362 1422 3410 3
1448 3349 1507 3396 et
1519 3337 1664 3410 haec,
1686 3347 1888 3416 utpote
1905 3358 1935 3395 a
1954 3337 2182 3400 Christo

90 3430 295 3490 collata
315 3476 331 3504 .,
359 3442 445 3490 est
474 3432 788 3490 essentialis
807 3475 823 3505 .,
851 3431 1251 3506 immutabilis,
1275 3433 1497 3514 ipsique
1515 3431 1770 3490 Ecclesiae
1790 3475 1805 3505 ‚
1834 3443 1899 3490 ut
1921 3454 2054 3493 mox
2083 3457 2183 3494 os·—

88 3525 394 3585 tendemus
418 3570 434 3599 ,
469 3525 811 3604 originaria3
848 3526 1184 3585 exercitium
1223 3538 1419 3588 autem
1468 3536 1527 3585 et
1561 3524 1856 3603 objectum
1881 3529 2184 3609 potestatis
2227 3600 2245 3608 ,-

89 3640 193 3683 seu.
203 3620 348 3699 juris
375 3631 462 3679 est
484 3619 849 3703 disciplinare
864 3664 881 3694 ,
905 3619 1182 3683 mutabile
1206 3641 1270 3682 ac
1296 3618 1819 3703 dispensationibus
1838 3619 2176 3683 obnoxium.

247 3715 310 3773 T.
357 3715 478 3774 V11.
1869 3714 1946 3774 20
