2508 4120
262 161 380 221 124
986 186 1307 224 mac-rarus
1349 189 1418 226 nn
1462 189 1686 229 onmmz.

261 325 385 385 loca
429 324 752 385 difficiliora
790 324 982 385 adhuc
1019 327 1321 389 evasissise
1349 328 1425 388 ob
1460 330 1717 393 diversas
1743 332 2085 393 eorumdem
2110 334 2393 415 explana-

259 423 483 496 tiones7
514 444 656 503 quas
705 433 835 480 tum
886 434 1113 483 veteres
1141 437 1272 485 tum
1299 428 1650 489 recentiores
1686 431 2001 491 dederunt.
2044 434 2192 493 Sunt
2231 435 2395 494 enim

258 519 357 600 qui
394 529 636 577 censent
655 562 671 593 7
708 518 972 600 Episcopi
999 532 1059 579 et
1082 521 1415 603 Presbyteri
1443 522 1981 599 denominationem
2010 528 2185 609 primi
2209 550 2273 588 ac
2309 550 2394 589 se-

259 613 440 673 cundi
478 611 698 671 ordinis
740 615 1148 675 Sacerdotibus
1188 617 1329 676 olim
1375 640 1748 679 communem
1783 623 1989 700 fuisse,
2023 635 2086 681 ut
2116 626 2173 683 S.
2211 626 2386 687 Joan.

259 710 701 790 Chrysostomus
739 713 851 793 (l).
903 712 1302 775 Theodoretus
1344 714 1697 794 arbitratur,
1735 741 1952 781 nomen
1989 722 2255 804 Episcopi
2294 719 2389 783 vel

255 804 588 886 Presbyteri
625 806 919 867 tributum
957 822 1100 870 tunc
1140 813 1421 894 temporis
1454 811 1629 874 fuisse
1659 813 1850 874 solum
1873 817 2274 876 Sacerdotibus
2301 837 2391 875 se-

257 902 435 961 cundi
461 902 716 978 ordini53
746 928 842 965 eos
869 928 1042 982 vero7
1074 930 1217 990 quos
1245 908 1419 968 modo
1445 911 1754 993 Episcopos
1786 912 1880 973 vel
1904 914 2202 973 Antistites
2230 936 2393 972 nun·

258 1019 541 1080 cupamus
562 1046 577 1075 7
598 1023 718 1059 non
735 1002 1051 1085 Episcopos
1067 1050 1083 1079 7
1103 1004 1207 1063 sed
1225 1005 1528 1087 Apostolos
1549 1010 1883 1067 nominatos
1900 1029 2024 1068 esse
2042 1009 2156 1088 (2).
2177 1010 2392 1068 Contra

259 1116 402 1154 vero
424 1097 479 1155 S.
507 1096 833 1179 Epiphanio
849 1098 1096 1180 placuit,
1126 1102 1391 1183 Episcopi
1413 1124 1636 1162 nomen
1666 1126 1898 1184 semper
1925 1105 2168 1163 summis
2186 1149 2202 1179 7
2226 1125 2394 1163 num-

259 1213 439 1273 quam
480 1214 621 1252 vero
656 1194 898 1253 secundi
933 1194 1153 1255 ordinis
1191 1197 1597 1257 Sacerdotibus
1632 1199 1925 1259 tributum
1965 1222 2089 1260 esse
2129 1199 2236 1282 (3).
2286 1201 2394 1259 Re-

256 1288 545 1348 centiores
567 1311 708 1350 vero
734 1291 860 1351 sive
890 1292 1171 1351 Catholici
1187 1293 1308 1353 sive
1325 1295 1724 1355 Protestantes
1740 1296 2048 1378 scriptores
2066 1319 2187 1354 non
2212 1296 2397 1375 magis

260 1384 417 1443 inter
454 1407 514 1444 se
559 1387 973 1463 consentiunt,
1014 1399 1074 1447 et
1103 1388 1199 1447 alii
1239 1390 1302 1448 in
1335 1413 1548 1466 unam,
1587 1391 1685 1450 alii
1718 1393 1780 1450 in
1825 1391 1999 1453 aliam
2037 1393 2396 1452 sententiam

259 1480 616 1540 concedunt.
644 1483 942 1565 Expositio
970 1485 1028 1543 S.
1065 1486 1239 1544 Joan.
1281 1485 1681 1566 Chrysostomi
1716 1488 1907 1569 aptior
1942 1500 2003 1548 et
2036 1487 2396 1547 commodior

259 1576 430 1636 nobis
466 1578 728 1637 videtur.

347 1674 483 1734 104.
530 1677 756 1735 Verum
799 1677 890 1736 his
942 1679 1248 1738 sententiis
1296 1678 1584 1756 dimissis7
1641 1703 1767 1763 quae
1807 1683 2001 1741 minus
2044 1681 2269 1742 idoneae
2304 1680 2398 1741 vi-

260 1769 478 1830 dentur
514 1772 788 1833 omnibus
821 1773 1060 1853 objectis
1111 1774 1248 1835 locis
1276 1776 1661 1857 explanandis
1687 1823 1704 1851 ,
1754 1780 2054 1860 aptissima
2098 1779 2192 1838 via
2220 1776 2294 1836 ad
2330 1775 2393 1835 id

262 1866 658 1927 obtinendum
682 1891 748 1928 ea
777 1869 947 1928 nobis
975 1870 1097 1929 visa
1124 1882 1243 1945 est,
1274 1893 1451 1952 quam
1478 1873 1668 1932 tenuit
1691 1875 1983 1935 petavius,
2013 1873 2392 1933 Doctissimus

259 1962 356 2022 hic
395 1965 487 2024 vir
524 1965 854 2041 existimat,
885 1966 1089 2048 primis
1129 1966 1243 2025 illis
1284 1967 1550 2028 Ecclesiae
1592 1970 1989 2051 temporibuS,
2021 1992 2152 2052 quae
2179 2014 2195 2043 ‚
2235 1967 2395 2051 quod

261 2059 339 2119 ad
363 2059 614 2120 formam
636 2073 696 2120 et
722 2061 1093 2145 disciplinam
1115 2064 1328 2123 attinet
1345 2110 1360 2140 7
1386 2063 1652 2146 quaedam
1681 2065 1837 2124 illius
1864 2065 2111 2125 infantia
2135 2064 2247 2124 dici
2266 2084 2396 2147 pos·

263 2169 403 2217 sunt
430 2203 445 2229 7
484 2157 859 2238 presbyteros
899 2158 995 2219 vel
1026 2180 1231 2218 omnes
1274 2159 1369 2219 vel
1412 2181 1616 2219 eorum
1644 2160 1957 2243 plerosque
1990 2162 2068 2220 sic
2097 2160 2394 2219 ordinatos

264 2274 421 2330 esse,
478 2265 545 2312 ut
581 2255 847 2336 Episcopi
889 2255 1112 2336 pariter
1156 2276 1221 2313 ac
1260 2255 1590 2336 Presbyteri
1631 2257 1876 2336 gradum
1920 2256 2288 2330 obtinerent,
2331 2255 2395 2314 id

268 2350 706 2432 quodammodo
743 2349 1190 2431 exposcentibus
1238 2350 1392 2409 illius
1439 2352 1621 2410 aetatis
1648 2352 1936 2431 adjunctis
1965 2351 2039 2411 ob
2068 2353 2399 2411 incremen-

263 2458 394 2506 tum
414 2446 706 2526 religionis
727 2447 1056 2507 christianae
1077 2493 1092 2522 7
1125 2458 1192 2506 ut
1209 2493 1224 2522 7
1248 2469 1378 2529 quae
1398 2447 1505 2506 soli
1530 2449 1794 2531 Episcopi
1813 2461 2087 2531 praestare
2118 2458 2356 2530 possent
2379 2492 2396 2523 7

269 2542 592 2622 cujusmodi
619 2542 812 2603 essent
836 2545 1209 2603 Sacramenta
1237 2545 1709 2603 Confirmationis
1746 2556 1806 2604 et
1836 2544 2072 2604 Ordinis
2096 2545 2358 2603 conferre
2378 2588 2394 2617 7

267 2637 342 2697 ab
380 2639 655 2699 omnibus
705 2639 1279 2700 administrarentur.
1327 2641 1417 2700 Sic
1448 2662 1624 2722 porro
1660 2641 1857 2723 plures
1907 2641 2172 2722 Episcopi
2195 2640 2257 2698 in
2279 2662 2396 2699 una

268 2734 591 2816 eademque
614 2736 849 2797 civitate
882 2757 984 2795 seu
1008 2736 1255 2796 Ecclesia
1281 2739 1583 2797 communi
1612 2737 1850 2796 consilio
1876 2758 1967 2796 res
1991 2736 2395 2796 ecclesiasticas

270 2830 765 2890 administrabant
803 2877 818 2906 7
862 2832 1150 2913 Apostolis
1196 2844 1481 2914 tanquam
1506 2834 1737 2910 majoris
1769 2832 1979 2911 gradus
2023 2829 2395 2912 pontificibus

271 2926 658 3009 obsequentes
682 2973 698 3001 7
739 2926 927 2987 donec
947 2973 962 3002 7
994 2928 1401 3007 refrigescente
1432 2929 1682 3009 pristina
1708 2926 1807 2985 illa
1830 2926 2145 2999 charitate,
2179 2936 2238 2984 et
2267 2926 2397 2984 imi-

271 3022 439 3083 tandi
469 3023 683 3082 Christi
718 3022 1255 3105 amplectendaeque
1283 3022 1579 3082 modestiae
1603 3033 1663 3082 et
1690 3021 2038 3081 humilitatis
2069 3043 2298 3097 amore7
2324 3021 2397 3080 ad

271 3119 561 3180 tollendas
586 3119 910 3179 simultates
930 3170 945 3199 7
972 3132 1030 3180 et
1054 3124 1124 3179 in
1154 3121 1498 3179 schismatis
1525 3120 1892 3188 remedium,
1922 3129 1988 3176 ut
2009 3120 2398 3199 Hieronymus

271 3215 533 3299 loquitur
551 3264 566 3294 7
595 3240 783 3278 unum
818 3217 1075 3299 aliquem
1096 3239 1127 3278 e
1152 3215 1326 3276 turba
1350 3214 1834 3297 Presbyterorum
1856 3213 1990 3294 eligi
2020 3214 2239 3296 placuit
2260 3258 2276 3289 7
2299 3213 2399 3295 qui

343 3467 407 3532 (l)
427 3466 577 3517 Hom.
594 3470 676 3516 tin
688 3465 852 3533 Epist.
869 3465 934 3514 ad
950 3463 1174 3530 Philipp.
1190 3478 1291 3513 n.1.
1378 3482 1426 3512 v.
1452 3481 1469 3512 1
1498 3480 1512 3527 3
1534 3462 1594 3512 de
1622 3482 1713 3530 qua
1735 3465 2112 3529 interpretatione
2130 3462 2217 3511 cfr.
2242 3460 2395 3509 Petav.

343 3548 414 3614 (2)
436 3548 701 3599 Comment.
732 3552 900 3617 incap.
920 3566 971 3597 111
1000 3545 1165 3614 Epist.
1202 3565 1218 3594 1
1239 3545 1306 3593 ad
1386 3548 1474 3596 lib.
1500 3564 1534 3594 11
1554 3585 1567 3608 7
1599 3544 1671 3595 De
1695 3544 1857 3594 eccles.
1892 3543 2156 3594 Hier-arch.
2183 3561 2281 3609 cap.
2311 3557 2354 3590 1.

286 3630 501 3680 Timoth.
550 3650 598 3680 v.
651 3646 691 3679 1.
732 3632 939 3698 Idipsum
975 3634 1209 3698 scripserat
1256 3633 1306 3679 in
1459 3628 1522 3693 (3)
1563 3627 1754 3679 HoereS.
1793 3647 1924 3690 inv,
1942 3644 2045 3694 cap.
2076 3625 2125 3676 5.

278 3714 443 3763 Comm
452 3753 464 3766 .
476 3716 532 3762 in
550 3711 775 3780 Epist.ad
782 3715 1137 3783 Philippenses,
1150 3732 1252 3779 cap.
1266 3730 1306 3774 1,
