2508 4120
307 72 426 131 246
932 87 1247 126 ‘macrinus
1292 89 1360 123 nn
1401 89 1777 126 nnmnmmo.

309 233 465 293 fideli
503 229 872 314 privilegium
897 273 913 301 .,
962 239 1021 286 et
1061 226 1296 309 quidem
1319 273 1333 300 .,
1377 238 1443 285 ut
1485 238 1731 286 testatur
1771 228 2208 309 Chrysostomus
2234 278 2247 305 .,
2294 243 2416 289 tam

310 349 518 408 parum
551 325 609 384 id
627 316 857 382 'valeret
891 334 1202 404 praestare,
1245 343 1421 405 quam
1452 321 1524 380 ad
1547 322 1608 380 id
1633 321 1787 381 valet
1823 323 2135 384 fornicatiO.
2167 327 2231 384 50
2268 326 2416 385 Illud

310 445 365 482 v.
401 422 468 478 11
497 419 754 500 positum
787 417 945 476 Pauli
979 418 1363 499 principium:
1400 419 1572 497 Quod
1595 423 1654 476 si
1682 419 2033 492 discesserit,
2064 439 2302 489 manere
2326 428 2419 480 in-

285 526 562 594 nuptam
581 562 598 584 ,
626 513 806 573 habet
835 513 929 573 hic
951 513 1178 587 locun1'3
1213 536 1339 591 nec,
1364 525 1428 572 ut
1452 526 1685 572 maneat
1712 514 1986 595 innupta,
2006 535 2094 572 res
2117 526 2236 572 tam
2260 516 2418 585 diffi—

305 609 427 669 cilis
461 631 582 670 esse
615 608 792 668 debet
824 610 1164 669 Christianae
1189 610 1511 669 secundum
1541 609 1686 668 illud
1716 632 1772 672 v.
1808 611 1922 688 29:
1975 610 2232 688 Tempus
2257 611 2421 670 breve

304 717 415 774 οδω
452 710 756 785 reliquum
782 716 867 764 est
900 717 996 775 ut,
1022 711 1134 785 qui
1167 707 1389 765 habent
1423 727 1664 782 umores,
1691 717 1985 784 tanquam
2008 727 2127 763 non,
2154 707 2424 766 habentes

303 807 445 861 sint.
492 803 557 859 6⁰
600 802 677 859 Eo
719 801 900 880 magis
936 801 1093 882 quod
1128 801 1516 860 reconciliatio
1551 822 1683 860 cum
1724 812 1890 882 parte
1934 800 2154 859 infideli
2197 822 2427 882 semper

305 910 457 958 esset
499 921 529 957 a
565 898 671 957 Dei
713 899 894 978 gratia
935 898 1258 980 speranda,
1300 921 1436 958 cum
1473 903 1640 976 juxta
1679 897 1834 976 leges
1890 899 2176 956 Romanas
2230 898 2428 958 liceret

303 993 494 1053 redire
528 992 603 1051 ad
634 994 794 1073 prius
812 995 1146 1073 conjugium
1185 1016 1198 1052 :
1230 996 1432 1074 Spretz'
1455 1001 1667 1074 repetit
1683 999 1927 1074 vestzyz'a
1955 996 2108 1052 lecti.
2138 993 2428 1063 Incumbit

302 1088 550 1172 proinde
575 1089 732 1149 fideli
752 1090 1039 1151 derelictae
1055 1136 1072 1167 ,
1099 1102 1166 1150 ut
1191 1113 1298 1172 pro
1321 1092 1697 1151 conversione
1719 1089 1970 1149 infidelis
1995 1091 2251 1170 conjugis
2277 1101 2424 1150 oret.

305 1185 372 1244 70
406 1185 590 1244 Verba
635 1198 832 1246 autem
871 1213 886 1245 ε
926 1186 1068 1247 Non
1106 1190 1267 1245 enim
1305 1191 1581 1247 servituti
1616 1189 1913 1266 subjectus
1954 1197 2072 1258 est,
2115 1198 2260 1263 etc.,
2304 1207 2430 1268 quae

303 1280 440 1339 huic
467 1282 940 1364 interpretationi
963 1280 1165 1341 obesse
1195 1281 1472 1341 videntur
1494 1328 1510 1357 7
1546 1304 1666 1340 non
1700 1281 1919 1341 debent
1947 1281 2194 1362 intelligi
2217 1281 2289 1340 de
2313 1303 2428 1341 ser-

303 1377 488 1439 vitute
537 1379 883 1457 cory‘uyali,
917 1376 1019 1436 sed
1055 1379 1124 1435 de
1168 1381 1444 1435 servitute
1471 1382 1749 1457 peccat&
1798 1380 1877 1436 ita
1923 1388 1988 1436 ut
2040 1399 2108 1436 ex
2151 1376 2425 1459 Apostolo

304 1473 448 1532 fides
485 1474 758 1532 omnibus
787 1476 860 1532 sit
908 1474 1306 1555 praeferenda,
1345 1495 1479 1532 cum
1519 1497 1640 1532 non
1687 1495 1751 1533 ea
1797 1477 2022 1533 ratione
2059 1475 2148 1533 vir
2183 1485 2242 1532 et
2281 1495 2426 1531 uxor

306 1567 523 1647 alligati
538 1571 657 1628 sint
677 1615 691 1643 a
718 1581 783 1627 ut
801 1568 1054 1629 debeant
1074 1571 1250 1628 etiam
1276 1569 1351 1627 ad
1378 1569 1736 1650 peccandum
1760 1570 2040 1628 inservire
2060 1614 2074 1642 7
2104 1580 2164 1627 et
2186 1590 2245 1627 se
2271 1569 2424 1649 ipsos

305 1663 571 1746 perdere.
602 1665 667 1723 8ο
689 1666 840 1724 Sane
867 1666 928 1722 in
955 1663 1198 1736 foedere,
1223 1665 1284 1723 in
1303 1687 1418 1746 quo
1440 1676 1687 1746 utraque
1710 1687 1842 1746 pars
1860 1663 2177 1744 aequalibus
2198 1662 2425 1741 juribus

310 1759 564 1840 gaudet,
606 1759 1035 1837 cujusmodiest
1062 1761 1392 1840 conjugium
1414 1805 1428 1834 7
1469 1762 1716 1820 servitus
1737 1760 1929 1818 locum
1959 1758 2178 1817 habere
2201 1760 2423 1840 nequit.

307 1853 375 1911 90
400 1856 726 1914 Praesertim
753 1876 886 1913 eum
912 1855 1217 1936 Apostolus
1245 1856 1338 1913 hic
1367 1854 1661 1913 vocabulis
1692 1867 1889 1914 utatur
1928 1860 2004 1912 τὸν
2046 1857 2199 1935 ἄνδρα
2243 1865 2303 1914 et
2345 1863 2428 1924 τὴν

310 1954 546 2028 γύναικα,
581 1950 789 2031 quibus
853 1960 1053 2032 aperte
1080 1952 1410 2030 conjugium
1435 1951 1700 2009 nondum
1737 1951 1991 2009 solutum
2028 1973 2152 2010 esse
2186 1950 2423 2010 indicat.

314 2045 419 2102 100
460 2048 547 2104 Ne
589 2057 785 2103 autem
821 2047 996 2104 etiam
1032 2046 1092 2103 in
1121 2067 1291 2121 casu,
1331 2068 1445 2126 quo
1482 2047 1784 2106 conversio
1820 2057 2048 2127 sperata
2079 2046 2269 2105 locum
2306 2068 2428 2104 non

308 2139 553 2199 haberet
578 2185 594 2217 ‚
615 2142 738 2200 sine
761 2140 964 2199 solatio
988 2140 1223 2200 fidelem
1248 2147 1548 2219 conjugem
1574 2141 1931 2222 relinqueret
1962 2142 2170 2201 Paulus
2194 2187 2208 2214 a
2242 2143 2429 2223 pergit

302 2257 360 2294 v.
401 2236 471 2293 17
511 2258 524 2293 :
575 2236 912 2314 Unicuique
939 2241 1097 2294 sicut
1128 2237 1337 2294 divisit
1368 2238 1566 2306 Deus,
1593 2236 1654 2294 id
1688 2248 1774 2296 est
1807 2259 1820 2294 ε
1850 2237 2067 2316 cogita,
2115 2238 2247 2317 quia
2274 2240 2429 2296 Deus

308 2330 386 2388 ita
418 2342 613 2391 tecum
649 2330 863 2399 voluit3
892 2331 1041 2388 hanc
1073 2330 1448 2389 christianam
1483 2331 1741 2411 regulam
1766 2331 2013 2412 quilibet
2042 2331 2302 2391 fidelium
2325 2378 2340 2404 ,
2367 2333 2428 2390 in

313 2447 681 2508 quocumque
710 2426 951 2485 demum
985 2447 1117 2485 casu
1142 2427 1249 2499 sit,
1292 2438 1587 2507 sequatur.
1619 2428 1721 2490 119
1759 2429 1891 2486 Haec
1928 2429 2100 2506 igitur
2128 2428 2427 2510 interpre-

310 2522 452 2580 tatio
497 2520 569 2581 de
611 2522 973 2603 separatione
1023 2523 1214 2603 quoad
1249 2523 1469 2581 victum
1508 2521 1863 2603 thorumque
1901 2523 2321 2604 simplicissima
2366 2535 2425 2583 et

310 2616 563 2675 maxime
588 2616 852 2676 litteralis
885 2617 1109 2676 Paulini
1144 2628 1336 2678 textus
1363 2618 1616 2678 videtur.
1658 2620 1854 2677 Nostri
1881 2618 2201 2677 scholastici
2229 2619 2290 2676 in
2319 2619 2425 2677 hac

313 2713 629 2792 quaestione
649 2759 665 2784 7
694 2713 837 2770 dum
867 2734 937 2771 ex
957 2713 1136 2772 verbo
1154 2716 1421 2772 discedat
1446 2714 1803 2773 concludunt
1822 2759 1837 2787 7
1863 2714 2095 2773 fidelem
2123 2719 2426 2793 conjugem

309 2828 428 2866 non
457 2807 607 2886 adigi
638 2807 712 2865 ad
737 2807 1033 2866 infidelem
1059 2809 1427 2888 sequendum
1450 2853 1465 2880 .,
1490 2810 1537 2866 si
1556 2809 1604 2867 is
1628 2810 1861 2889 pacifice
1889 2807 2220 2867 cohabitare
2249 2808 2422 2875 nolit.

311 2903 415 2962 sed
456 2923 622 2984 posse
668 2902 835 2961 alteri
871 2901 1094 2961 nubere
1116 2947 1132 2976 ‚
1165 2914 1539 2983 supponunt,
1577 2902 1735 2984 quod
1764 2914 1853 2961 est
1884 2903 1946 2961 in
1973 2904 2287 2984 quaestione
2313 2906 2422 2983 (l).

307 3000 451 3078 Ergo
463 3051 469 3057 .

381 3177 444 3240 (l)
484 3176 549 3225 Ita
581 3174 804 3224 Binterim
838 3180 886 3224 in
924 3176 1036 3225 diss.
1085 3179 1159 3224 cit.
1190 3175 1333 3224 Circa
1415 3176 1543 3224 datas
1573 3196 1598 3224 a
1621 3177 1679 3225 R.
1711 3177 1770 3225 D.
1791 3176 1951 3225 Carolo
1982 3178 2282 3238 Vizzardelli,
2309 3178 2425 3226 aSe-

307 3257 703 3306 insolubilitatem
729 3259 945 3323 conjuqii
976 3257 1101 3322 quod
1116 3266 1244 3304 extat
1265 3259 1330 3322 si-
1415 3263 1548 3307 cretis
1583 3277 1663 3324 pro
1691 3260 1850 3307 litteris
1874 3260 2026 3307 latinis
2045 3260 2127 3309 SS.
2158 3260 2344 3308 Domini
2361 3259 2421 3307 N.

310 3336 455 3384 delem
473 3340 600 3386 inter
620 3349 664 3386 et
687 3339 944 3402 infidelem,
969 3337 1059 3404 §a
1082 3339 1197 3386 lllud
1224 3358 1330 3387 vero
1416 3338 1620 3401 Gregorii
1656 3356 1730 3386 xvi
1751 3373 1765 3397 ,
1789 3356 1832 3386 vi
1852 3338 1957 3386 Kal.
1992 3339 2095 3387 Oet.
2124 3337 2267 3397 1832,
2287 3338 2422 3385 Sum-

220 3448 223 3450 >
310 3422 360 3466 in
399 3419 477 3467 Cl.
528 3425 723 3469 auctoiis
772 3421 1223 3469 commendationem
1272 3425 1332 3469 si-
1414 3439 1543 3468 mum
1578 3420 1852 3468 Pontificem
1895 3439 2006 3485 aegre
2045 3422 2200 3469 tulisse
2241 3431 2423 3468 senten-

306 3503 451 3550 lentio
469 3505 833 3565 proetereundum
866 3522 960 3552 non
992 3521 1155 3551 censeo
1174 3540 1187 3562 ‚
1204 3505 1329 3569 quod
1412 3506 1540 3564 tiam,
1561 3522 1701 3568 quam
1718 3506 1765 3550 in
1785 3514 1880 3551 tom
1896 3522 1940 3550 vi
1961 3514 2074 3568 part.
2092 3521 2126 3559 1,
2146 3505 2359 3550 mantissa
2384 3519 2417 3561 1,

308 3587 382 3633 vix
415 3586 500 3650 ipsi
531 3587 812 3646 innotuerit,
842 3605 921 3652 per
949 3587 1119 3635 litteras
1139 3586 1197 3634 ad
1222 3604 1329 3635 eum
1414 3587 1699 3636 adstruxerat
1719 3590 1835 3636 circa
1856 3587 2301 3636 indissolubilitatem
2319 3604 2425 3633 con-
