2508 4120
272 112 390 171 216

904 128 1224 167 TRACTATUS
1268 128 1338 166 DE
1381 129 1683 167 MATRmon
1689 132 1769 169 10.

274 276 508 337 Christo
554 271 795 346 collata,
854 269 1103 330 Ecclesia
1153 271 1400 353 apponit
1441 270 1869 352 impedimenta
1915 273 2284 352 dirimentia‚
2332 297 2398 335 ac

277 372 566 440 decernit,
597 368 760 426 irrita
792 388 917 426 esse
942 366 1305 427 clandestina
1322 365 1611 426 connubia
1634 412 1649 442 ‚
1679 366 1836 427 salva
1870 378 2064 429 tamen
2080 394 2310 455 semper
2342 382 2401 432 et

273 466 552 525 incolumi
578 461 868 523 essentiali
896 463 1255 523 Sacramenti
1280 463 1524 521 materia
1552 463 1661 544 (l).

358 559 455 618 31.
499 558 584 617 Ad
609 560 723 634 9¹¹1,
761 560 920 618 Dz‘sc.
962 559 1019 617 Si
1040 557 1349 617 brutorum
1383 581 1545 618 more
1574 570 1910 619 exerceatur
1930 606 1945 635 ,
1974 582 2164 629 conc.,·
2183 562 2233 621 si
2258 564 2400 641 rite,

274 667 340 715 ut
370 655 728 716 Christianos
749 660 1019 735 conjuges
1043 656 1212 715 decet
1230 702 1246 731 ,
1273 656 1484 716 saltem
1505 655 1792 733 absolute,
1815 679 1946 738 neq.
1977 658 2209 717 Falsum
2231 682 2403 741 porro

275 763 398 829 est,
433 752 593 834 quod
622 751 904 830 adjiciunt
933 751 1288 821 adversarii,
1324 753 1682 811 Matrimonii
1702 754 2012 813 essentiam
2039 755 2100 813 in
2119 767 2250 814 actu
2279 755 2405 836 ipso

282 847 570 927 conjugali
594 848 942 920 consistere3
973 859 1038 905 ut
1069 849 1228 906 enim
1251 848 1428 930 paulo
1457 859 1594 907 ante
1618 848 2139 910 animadvertimus
2162 897 2177 925 7
2211 861 2409 932 potest

275 944 343 1003 in
374 943 747 1002 Matrimonio
790 942 1047 1026 separari
1081 944 1422 1002 exercitium
1456 966 1486 1002 a
1515 947 1678 1022 jure3
1711 966 1848 1002 usus
1885 946 2135 1028 conjugii
2166 968 2287 1005 non
2321 956 2410 1006 est

279 1042 397 1101 nisi
438 1040 821 1115 accessorius,
859 1050 1032 1121 atque
1064 1038 1139 1097 ad
1178 1061 1513 1114 summum,
1557 1052 1623 1099 ut
1653 1040 1952 1100 nonnullis
1989 1042 2211 1124 placet,
2251 1042 2411 1101 inte·

277 1135 450 1216 gralis
479 1134 673 1218 quoad
707 1134 1150 1196 Matrimonium
1175 1135 1287 1216 (2).
1321 1135 1553 1195 Falsum
1580 1148 1862 1218 praeterea
1892 1149 1979 1196 est
1999 1184 2014 1211 .,
2047 1136 2206 1219 quod
2231 1137 2411 1197 iidem

285 1230 607 1293 adversarii
639 1242 951 1290 assumunt
970 1276 986 1305 .,
1019 1252 1142 1289 non
1173 1252 1340 1312 posse
1368 1232 1650 1313 Spiritum
1674 1234 1732 1291 S.
1760 1233 1949 1293 inesse
1972 1234 2081 1315 ipsi
2112 1233 2298 1307 actui,
2324 1232 2371 1292 si
2394 1279 2410 1308 .,

279 1338 348 1385 ut
367 1326 622 1385 diximus
645 1371 660 1400 ‚
686 1327 833 1385 sicut
858 1325 1244 1385 christianum
1274 1326 1464 1403 decet,
1485 1339 1825 1389 exerceatur
1841 1375 1856 1404 ,
1883 1330 2110 1389 ratione
2128 1329 2263 1389 finis
2280 1375 2297 1406 ‚
2325 1351 2414 1388 ra·

282 1423 443 1482 tione
480 1422 640 1482 modi
661 1468 677 1498 .,
713 1423 939 1483 ratione
970 1421 1297 1483 sobrietatis
1321 1422 1432 1503 (3).

365 1518 463 1578 32.
514 1518 603 1577 Ad
658 1519 776 1577 lom
796 1563 811 1592 ‚
863 1520 1022 1578 Dz'st.
1071 1518 1216 1591 Quia
1267 1540 1470 1598 passus
1518 1531 1606 1579 est
1655 1520 1833 1579 homo
1879 1521 1978 1581 ille
2017 1543 2083 1582 ea
2130 1521 2202 1582 de
2245 1543 2415 1582 causa

285 1635 345 1671 se
394 1613 567 1672 nimis
608 1611 799 1695 abripi
845 1612 1200 1671 secularibus
1246 1614 1436 1688 curis7
1490 1636 1693 1684 conc.,·
1736 1617 1969 1697 praecise
2008 1618 2142 1699 quia
2174 1639 2418 1677 uxorem

286 1707 571 1784 duxerat,
613 1730 743 1789 neq.
783 1711 1057 1771 Ceterum
1083 1729 1156 1768 ex
1185 1707 1274 1769 his
1299 1719 1497 1792 patet,
1535 1710 1899 1772 adversarios
1924 1713 2287 1773 confessione
2315 1733 2418 1773 sua

351 1902 579 1965 (l).Varia
593 1903 782 1952 Patrum
807 1903 1197 1953 Tridentinorum
1214 1903 1309 1951 suf·
1391 1920 1520 1952 come
1555 1904 1748 1970 dunque
1771 1904 1947 1971 perche
1988 1904 2028 1952 le
2071 1906 2227 1973 specie
2263 1904 2424 1954 canse-

284 1987 425 2052 fragia
453 2024 465 2047 ‚
500 1989 671 2052 quaein
701 1987 915 2052 pluribus
948 1988 1312 2053 congregationi·
1392 1994 1521 2034 crate
1565 2003 1680 2035 sono
1729 1986 2055 2052 inseparabili
2085 1990 2160 2048 si,
2203 2005 2284 2036 ma
2322 1988 2426 2035 dis-

282 2068 373 2117 bus
417 2068 592 2133 prolata
640 2075 750 2117 sunt
786 2107 799 2130 ‚
841 2070 898 2117 ad
939 2069 1311 2134 componendam

285 2162 560 2218 potestatem
590 2153 801 2200 Ecclesiae
825 2156 871 2199 in
899 2153 1199 2201 decernendis
1219 2155 1311 2199 im-

285 2234 568 2299 pedimentis
592 2233 1013 2283 matrimonialibus
1037 2251 1143 2281 cum
1163 2251 1315 2281 essen-

286 2318 350 2364 tia
379 2315 665 2364 Sacramenti
684 2354 697 2375 ‚
734 2332 839 2381 quae
859 2333 951 2363 non
980 2316 1136 2364 subest
1154 2313 1314 2362 Eccle-

290 2401 367 2451 siae
397 2401 634 2463 potestati,
666 2400 804 2447 refert
835 2398 975 2447 Card.
1008 2398 1313 2460 pallavicini,

291 2482 380 2529 lib.
411 2496 535 2541 uu,
562 2499 665 2546 cap.
697 2478 789 2544 4et
815 2499 950 2547 seqq.
972 2480 1152 2528 Deinde
1179 2497 1283 2528 vero
1301 2518 1314 2540 ,

294 2574 346 2612 ut
375 2563 652 2628 respondeat
677 2564 827 2612 eidem
858 2563 1118 2611 difficultati
1145 2581 1170 2610 a
1199 2560 1317 2611 Sua-

292 2650 369 2696 vio
413 2665 493 2695 seu
535 2647 677 2695 Paulo
720 2646 881 2711 Sarpio
922 2650 1161 2713 propositae
1200 2649 1321 2695 circa

297 2730 535 2779 decretum
562 2730 710 2779 Cone.
743 2731 1041 2788 Tridentini,
1074 2749 1166 2796 quo
1198 2733 1325 2779 irrita

299 2812 423 2860 fiunt
454 2811 746 2861 Matrimonia
769 2813 1077 2870 clandestina,
1097 2813 1193 2860 haec
1212 2826 1326 2876 prae-

300 2895 428 2943 clare
453 2893 613 2942 scribit
631 2932 644 2954 ‚
662 2895 749 2943 lib.
771 2912 887 2942 xxm
910 2931 923 2953 ,
961 2911 1064 2959 cap.
1092 2909 1143 2959 9,
1165 2891 1193 2960 ᾗ
1218 2891 1321 2941 15·:

304 2978 442 3027 Certo
463 2976 571 3025 ben’
586 2978 610 3025 ὲ
631 3015 643 3038 ,
661 2976 743 3026 che
771 2976 808 3024 'l
827 2985 1059 3026 contracto
1078 2978 1326 3023 matrimo-

307 3058 440 3108 niale
473 3075 572 3106 non
605 3060 630 3105 ὲ
662 3057 975 3106 Sacramenta
1004 3074 1096 3123 per
1143 3055 1190 3104 la
1232 3073 1326 3103 sua

305 3150 487 3190 natura
539 3160 562 3190 e
603 3158 750 3190 senza
796 3140 969 3188 divina
1009 3139 1281 3187 elevazione
1306 3158 1324 3187 .-

303 3228 351 3272 ει·
367 3225 450 3272 che
470 3223 658 3273 l'essere
676 3225 731 3272 di
747 3221 1056 3274 Sacramento
1085 3240 1108 3270 e
1141 3221 1328 3271 l'essere

305 3306 361 3354 di
391 3317 622 3356 contracto
643 3324 755 3356 sona
777 3307 870 3355 due
888 3322 1079 3356 essenze
1108 3305 1326 3364 distante,

302 3387 350 3435 la
363 3389 562 3436 secanda
579 3388 696 3438 delle
711 3389 847 3454 quali
853 3397 1023 3455 patena
1039 3396 1165 3435 stare
1180 3403 1328 3434 senza

311 3470 358 3517 Ia
382 3472 581 3534 prima3
621 3471 796 3520 bench&
828 3489 913 3520 ora
931 3488 1022 3537 per
1047 3470 1211 3517 divino
1245 3470 1327 3516 de-

312 3560 435 3599 creto
463 3554 597 3600 siena
627 3554 944 3620 inseparabili
966 3553 1176 3618 (almona
1195 3553 1330 3617 fuori

312 3634 366 3681 di
387 3651 496 3684 caso
527 3635 821 3686 accidentale
837 3637 854 3700 )
870 3638 960 3685 tra'
975 3635 1252 3685 bauezzati.
1274 3634 1334 3682 Si

1394 2070 1516 2116 tinte
1546 2067 1629 2116 dal
1660 2068 1812 2134 Carpo
1847 2070 1904 2116 di
1931 2067 2118 2134 Cri3t03
2150 2069 2196 2116 Ia
2213 2079 2424 2136 potenza

1396 2149 1618 2197 naturale
1638 2188 1650 2210 ‚
1687 2160 2002 2215 quantunque
2033 2168 2127 2199 non
2145 2168 2290 2217 possa
2309 2151 2423 2200 alte-

1395 2229 1501 2279 rar’
1533 2231 1576 2278 il
1609 2231 1764 2298 Carpo
1787 2270 1799 2291 ‚
1830 2234 1935 2298 pao*
1965 2233 2143 2281 alterat·
2167 2232 2207 2280 le
2237 2235 2391 2299 specie
2407 2251 2425 2294 ‚-

1397 2329 1422 2360 e
1430 2329 1524 2378 per
1540 2322 1699 2377 questo
1719 2313 1966 2380 modopuc)
1976 2315 2086 2378 sare
2109 2314 2194 2363 che
2210 2314 2252 2363 il
2274 2314 2428 2380 Carpo

1397 2411 1497 2443 non
1524 2398 1578 2443 vi
1596 2398 1822 2460 rimanqa
1852 2415 1869 2444 :
1895 2398 1999 2444 cosl‘
2013 2414 2106 2462 per
2130 2397 2431 2462 simiqliante

1398 2478 1597 2540 rayione
1627 2477 1672 2525 la
1686 2478 1887 2544 podesta
1904 2479 2219 2528 ecclesiastica
2236 2481 2339 2547 pua
2361 2479 2431 2527 al-

1401 2571 1554 2609 terare
1587 2559 1626 2607 il
1650 2567 1886 2610 contraite
1906 2599 1918 2622 ,
1959 2561 2134 2610 bench&
2165 2579 2264 2611 non
2285 2578 2430 2628 possa

1403 2641 1606 2691 alterare
1640 2642 1682 2691 il
1711 2642 2065 2706 Sacrament03
2109 2662 2134 2692 e
2155 2661 2247 2709 per
2268 2651 2431 2707 questa

1403 2727 1486 2772 via
1509 2725 1608 2789 pua
1631 2724 1863 2790 impedire
1889 2725 1972 2772 che
1999 2742 2099 2772 una
2115 2725 2184 2772 tal
2200 2724 2361 2790 forma
2379 2724 2434 2771 di

1405 2815 1654 2853 contrarre
1691 2822 1790 2853 non
1824 2808 2051 2870 rimanqa
2087 2803 2430 2866 Sacramenta,

1407 2886 1610 2934 aom'era
1640 2889 1824 2952 prima.
1870 2887 1922 2935 E
1957 2905 2006 2935 se
2033 2890 2307 2936 r'tmiriamo
2343 2905 2433 2935 con

1409 2968 1546 3017 occhi
1571 2971 1752 3017 sinceri
1789 2986 1814 3016 e
1834 2973 2042 3035 purqati
2058 3009 2070 3031 ‚
2111 2971 2325 3020 vedremo
2357 2971 2433 3018 οίὸ

1409 3054 1703 3100 intervenire
1746 3054 1814 3100 in.
1832 3054 1944 3100 tutti
1969 3052 2042 3116 qli
2081 3053 2199 3102 altri
2233 3053 2434 3119 impedi-

1407 3138 1557 3183 menti
1578 3134 1706 3183 dalla
1731 3134 1907 3184 Chiesa
1921 3136 2189 3186 introdotti.
2212 3136 2322 3184 Vid.
2349 3136 2436 3183 hu-

1406 3220 1482 3283 jus
1544 3218 1633 3265 loci
1692 3218 1928 3267 translatio
1972 3219 2031 3267 ad
2080 3220 2254 3268 calcem
2299 3218 2437 3267 volu-

1408 3302 1563 3348 minis.

1480 3383 1542 3447 (2)
1581 3383 1677 3433 Cfr.
1706 3382 1855 3433 Estius
1879 3422 1891 3444 ‚
1917 3384 2008 3434 loc.
2037 3387 2116 3434 eit.
2151 3388 2201 3433 in
2232 3385 2333 3433 dist.
2354 3381 2435 3444 26,

1411 3466 1437 3534 §
1470 3484 1486 3514 1
1502 3468 1551 3516 3.

1482 3551 1552 3614 (3)
1592 3550 1691 3599 Cfr.
1720 3551 1945 3600 Bernard.
1979 3571 2006 3601 a
2029 3550 2191 3600 Picon.
2223 3552 2270 3597 in
2289 3566 2391 3614 cap.
2410 3544 2440 3594 5

1412 3633 1561 3699 Epist,
1613 3635 1671 3683 ad
1689 3634 1861 3699 Ephes.
