2540 4120
345 162 461 221 120

1059 179 1383 220 TRAGTATUS
1425 179 1496 218 DE
1538 181 1763 218 ORDINE.

348 327 451 409 qui
468 329 491 384 1
510 336 569 386 et
588 326 640 385 ΙΙ
651 324 914 385 Ecclesiae
935 321 1130 382 seculo
1149 321 1498 393 floruerunt.
1516 323 1572 381 S.
1589 323 1859 383 Clemens
1874 325 2196 399 RomanuS,
2213 325 2411 405 Epist.
2439 325 2469 383 1

346 425 434 482 ad
457 422 725 483 Corinth.
754 420 1006 478 Summo
1023 425 1249 499 quippe
1262 419 1598 488 Sacerdoti,
1626 419 1840 502 inquit,
1865 444 1980 480 sua
2000 424 2220 480 munia
2241 424 2476 481 tributa

348 530 537 589 sunt,
573 527 627 574 et
664 516 1088 575 Sacerdotibus
1116 518 1274 575 locus
1302 518 1599 594 propri-us
1635 521 2133 596 assiynatuseest,
2173 528 2227 577 et
2259 519 2478 577 Levitis

348 636 461 673 sua
496 616 716 669 munia
746 613 1123 671 incumbunt
1145 610 1251 693 (l).
1289 611 1347 669 S.
1382 610 1638 690 Ignatius
1659 655 1674 684 ,
1710 613 1812 692 qui
1851 612 1958 671 sub
1998 615 2180 673 finem
2210 612 2478 691 ejusdem

352 708 529 769 seculi
557 719 617 766 et
647 706 756 766 sub
780 708 1021 767 secundi
1045 709 1281 767 initium
1320 706 1552 779 floruit,
1597 716 1802 788 utpote
1846 711 2125 791 martyrio
2166 719 2476 769 coronatus

351 826 510 862 anno
540 804 679 877 107,
702 804 870 886 plura
893 805 955 863 in
981 826 1108 864 rem
1131 815 1397 863 nostram
1424 801 1604 862 habet
1622 849 1638 878 7
1666 824 1731 861 ac
1759 804 1950 884 primo
1974 806 2210 886 quidem
2238 806 2481 885 insignis

350 911 439 960 est
463 899 622 959 locus
644 900 709 958 in
737 901 1014 980 Epistola
1046 902 1133 960 ad
1159 902 1553 979 Smyrnenses
1576 922 1588 956 :
1636 899 1852 958 Omnes
1883 903 2255 980 Episcopum
2280 906 2483 980 sequi-

350 1001 544 1068 mini,
575 1007 646 1055 ut
665 997 843 1057 Jesus
873 997 1149 1057 Christus
1178 997 1461 1065 Patrem,
1485 1007 1539 1054 et
1567 997 2026 1075 Presbyterium
2054 1008 2124 1055 ut
2153 998 2483 1077 Apostolos,

353 1095 659 1154 Diaconos
680 1102 884 1153 autem
905 1095 1311 1152 revereamini
1337 1103 1410 1150 ut
1431 1094 1554 1152 Dei
1571 1093 1936 1151 mandatum
1959 1093 2070 1174 (2).
2102 1091 2322 1166 Quibus
2350 1113 2487 1154 ver-

354 1189 444 1249 bis
461 1190 827 1272 apertissime
850 1189 1299 1249 ecelesiasticam
1322 1187 1712 1248 hierarchiam
1739 1188 1978 1249 exhibet
2003 1190 2064 1247 in
2086 1200 2204 1249 tres
2233 1187 2491 1250 diversos

358 1285 570 1366 gradus
597 1285 995 1346 distributam.
1031 1287 1100 1344 In
1127 1286 1329 1365 Epist.
1350 1305 1488 1344 vero
1513 1285 1601 1343 ad
1635 1284 1985 1345 Trallianos
2017 1284 2218 1344 scribit
2256 1307 2269 1342 ε
2316 1286 2495 1344 Decet

361 1384 631 1462 sinyulos
649 1393 935 1452 vestrum,
950 1393 1005 1440 et
1015 1386 1331 1462 praecipue
1350 1381 1752 1460 Presbyteros,
1769 1383 2105 1461 refocillare
2119 1382 2492 1461 Episcopum

360 1483 432 1537 in
485 1479 766 1537 honorem
806 1479 1022 1538 Patris
1058 1480 1207 1538 Jesu
1251 1478 1483 1537 Christi
1521 1487 1576 1534 et
1608 1477 2028 1555 Apostolorum
2066 1476 2179 1556 (3).
2227 1477 2492 1558 Denique

363 1575 427 1633 in
457 1575 657 1654 Epist.
694 1576 781 1633 ad
803 1578 1226 1654 Maynesianos
1266 1596 1279 1630 :
1317 1574 1570 1641 Hortor,
1610 1575 1803 1653 inquit
1827 1621 1843 1648 ‚
1889 1586 1961 1633 ut
1993 1575 2098 1633 hoc
2117 1579 2200 1633 sit
2236 1582 2496 1632 vestrum

361 1671 668 1739 studium,
709 1675 779 1728 in
808 1671 929 1730 Dei
958 1670 1279 1728 concordia
1311 1673 1519 1727 omnia
1552 1690 1723 1748 ayere
1737 1713 1762 1742 ,
1801 1670 2100 1750 Episcopo
2131 1669 2497 1749 praesidente

364 1768 487 1826 Dei
513 1767 632 1824 loco
650 1810 667 1841 ,
696 1777 753 1823 et
772 1766 1150 1845 Presbyteris
1174 1767 1292 1824 loco
1311 1775 1555 1824 senatus
1574 1769 1913 1845 apostolici,
1942 1776 1998 1824 et
2022 1767 2313 1826 Diaconis
2341 1765 2502 1823 mihi

362 1865 764 1934 suavissimis,
787 1862 1013 1941 quibus
1029 1865 1416 1920 commissum
1435 1872 1521 1919 est
1541 1865 1957 1922 ministerium
1974 1861 2018 1920 J
2020 1882 2123 1919 esu
2140 1861 2371 1921 Christi
2380 1859 2495 1942 (4).

365 1960 496 2017 Non
536 1957 706 2017 aliter
733 1967 932 2016 autem
961 1967 1286 2039 potuerunt
1315 1955 1652 2015 Blondellus
1690 1978 1756 2016 ac
1786 1956 2100 2039 Salmasius
2138 1958 2262 2017 vim
2283 1956 2500 2016 horum

367 2054 842 2113 testimoniorum
884 2051 1177 2112 declinare
1204 2098 1219 2127 .,
1265 2074 1443 2134 quarn
1480 2052 1751 2132 negando
1784 2065 1985 2112 contra
2028 2053 2294 2112 omnium
2336 2051 2498 2111 criti-

367 2170 570 2208 corum
590 2169 964 2222 consensum,
985 2147 1089 2205 has
1111 2147 1383 2229 epistolas
1405 2148 1727 2227 genuinum
1750 2170 1873 2207 esse
1889 2150 1946 2208 S.
1968 2149 2237 2228 Martyris
2256 2148 2461 2206 foetum
2480 2190 2498 2221 ‚

367 2245 430 2302 in
460 2265 575 2324 quo
617 2242 691 2301 ab
720 2243 857 2324 ipsis
890 2241 1245 2300 Calvinianis
1273 2242 1625 2302 refelluntur
1648 2243 1755 2323 (5).

447 2340 545 2399 97.
593 2340 762 2398 Stant
798 2337 863 2397 30
892 2337 1173 2398 adversus
1214 2338 1364 2397 Ae‘rii
1402 2338 1733 2399 novitatem
1769 2359 1842 2398 ex
1886 2340 1966 2397 ΙΙΙ
2000 2338 2193 2398 seculo
2222 2337 2497 2397 Clemens

436 2548 505 2613 (1)
542 2547 659 2613 Cap.
693 2545 775 2611 4ο.
810 2550 883 2612 Τῷ
924 2542 1011 2611 γοὲρ
1055 2546 1259 2611 α’ρχιερεῗ
1278 2542 1393 2594 ι’δὛαι

373 2628 647 2697 λειτουργιάι
684 2627 929 2693 δεδομέναι
955 2625 1047 2677 εἰσέ
1067 2667 1080 2690 ,
1109 2626 1186 2676 καὶ
1213 2629 1305 2682 τοῖς
1329 2631 1395 2677 ἱε-

371 2718 507 2780 ρεὸσιν
538 2711 654 2765 ἴδιος
685 2714 704 2761 ὅ
732 2711 870 2764 τέπος
908 2709 1278 2777 προστέτακται,
1316 2708 1395 2760 καὶ

372 2793 730 2845 muta-acrisius
769 2792 990 2842 διακονίαι
1043 2791 1303 2844 ἐπίκεινται.
1341 2796 1395 2842 ln

370 2897 512 2946 quem
546 2880 701 2928 locum
737 2877 823 2925 cfr,
856 2875 973 2925 adn.
1006 2876 1241 2925 Cotelerii.

438 2961 510 3025 (2)
544 2960 660 3026 Cap.
691 2958 743 3008 8.
763 2956 935 3011 Ποῖντες
954 2963 1017 3023 τᾷ
1041 2959 1268 3022 imo-nimy
1287 2959 1396 3007 α’κο-

373 3043 582 3093 λουθ-εἵτε
605 3081 617 3103 ,
646 3043 702 3095 ὥς
733 3043 899 3096 Ἰησους
929 3037 1114 3106 Χριστδς
1145 3045 1207 3106 τῷ
1227 3037 1392 3105 Πατρῖ·

373 3124 450 3176 καὶ
470 3131 535 3193 τᾷ
549 3122 845 3193 πρεσβυτερῖῳ
861 3163 874 3186 ,
901 3125 955 3177 ὦς
975 3123 1067 3176 τοῖς
1096 3121 1391 3175 α’ποστέλοις·

371 3205 472 3262 τοῦς
508 3205 565 3258 δὲ
601 3206 828 3260 διακένους
864 3205 1164 3273 ἐντρέπεσθε,
1199 3207 1253 3259 ὦς
1287 3208 1399 3255 θεοῦ

377 3290 575 3347 ἐντολήν.

438 3372 504 3436 (3)
543 3375 656 3440 Cap.
696 3391 773 3423 12.
811 3369 976 3439 Πρέπει
1020 3371 1117 3433 ὁμῒν
1152 3371 1244 3423 τοῖς
1284 3371 1399 3420 καθ’

377 3450 478 3516 ἕνα,
527 3456 781 3522 ἐξαιρέτως,
815 3451 893 3504 καὶ
924 3455 1015 3507 τοῖς
1050 3451 1396 3519 πρεσβυτέροις,

381 3534 636 3599 α’ναψῦχειν
668 3537 738 3587 ‘riv
757 3536 1024 3600 ἐπίσκοπον,
1050 3540 1110 3589 εἷς
1138 3533 1271 3599 τιμῆν
1302 3546 1399 3584 Πα-

373 3619 641 3689 τρδςἸησοῧ
664 3628 880 3688 Χριστοῦ,
902 3619 979 3671 καὶ
1015 3626 1096 3670 τῶν
1121 3619 1396 3670 α’ποστέλων.

446 3704 514 3770 (4)
549 3704 658 3770 Cap.
687 3702 736 3753 6.
778 3710 979 3771 Παραινό
1014 3707 1051 3753 ἔν
1086 3701 1264 3768 ἱμονοῖςι
1290 3706 1400 3752 5εοῦ

1487 2544 1782 2609 σπουδάζετε
1820 2544 1976 2596 πάντα
1999 2543 2214 2613 πράσσειν
2234 2584 2246 2607 ,
2272 2549 2508 2613 προκαθη-

1478 2650 1608 2691 μενου
1652 2635 1731 2678 τοῦ
1771 2626 2015 2678 ε’πισαὸπου
2074 2632 2134 2682 εἷς
2179 2626 2312 2677 τᾶπον
2355 2631 2497 2690 θεοῦ,

1481 2709 1560 2761 καὶ
1586 2717 1668 2761 τίὔν
1701 2710 2002 2779 πρεσβυτέρων
2038 2715 2097 2764 εἷς
2118 2709 2250 2760 το’πον
2279 2708 2498 2776 συνεδρίου

1479 2801 1562 2843 τόἰν
1599 2794 1895 2857 dmm-lam,
1927 2791 2006 2844 nai
2038 2799 2120 2843 τὸἶν
2156 2792 2391 2854 διακένου,
2416 2802 2498 2842 τῶν

1483 2874 1581 2939 ἐμοὶ
1617 2873 1955 2939 γλυκυτάτων,
1997 2873 2356 2938 πεπιστευμένων
2395 2873 2499 2925 δια-

1479 2957 1619 3008 κονιάν
1652 2961 1796 3013 Ἰησοῦ
1824 2962 2031 3025 Χριστοό.

1544 3038 1613 3103 (5)
1631 3040 1729 3089 Cfr.
1750 3046 1916 3106 proeter
1930 3041 2215 3106 praefationes
2229 3040 2256 3088 J
2260 3040 2391 3088 aoobi
2406 3041 2501 3089 Us-

1479 3125 1585 3171 serii
1600 3135 1643 3171 et
1655 3123 1798 3172 Isaaci
1810 3124 1958 3172 Vossii
1971 3127 2020 3171 in
2038 3124 2249 3188 epistolas
2263 3123 2497 3189 S.lgnatii‚

1479 3207 1815 3255 dissertationes
1827 3207 2032 3273 ejusdem
2046 3206 2205 3255 Jacobi
2222 3207 2393 3256 Usserii
2409 3205 2497 3253 Ar-

1482 3290 1724 3348 machani,
1757 3288 1828 3339 De
1856 3288 2067 3354 epistolis
2098 3286 2192 3338 SS.
2231 3287 2428 3354 lqnatii
2454 3295 2500 3335 et

1481 3368 1744 3437 Polycarpi
1760 3410 1773 3433 ,
1807 3390 1893 3420 nec
1914 3390 2010 3419 non
2038 3370 2093 3419 V
2091 3372 2288 3421 indiciae
2318 3372 2494 3436 episto·³

1481 3454 1639 3502 larum
1673 3455 1727 3503 S.
1775 3454 1969 3520 anatii
2008 3456 2198 3521 scriptae
2244 3473 2268 3503 a
2315 3453 2498 3501 Joanne

1482 3537 1726 3586 Pearsonio
1748 3575 1761 3597 ‚
1788 3538 1914 3604 apud
1951 3537 2230 3588 Cotelerium
2266 3546 2381 3585 tom.
2420 3551 2454 3582 u
2481 3572 2495 3594 ,

1483 3619 1621 3668 Patr.
1645 3618 1814 3685 Apost.
