2508 4120
268 78 390 140 272

841 99 911 135 nn
954 98 1299 136 uxrmuouu
1343 90 1840 142 raumara-rinus.

272 256 440 328 gatus
468 267 501 305 a
534 239 857 317 Pharisaeis‚
882 250 1084 300 utrum
1115 240 1316 301 liceret
1334 239 1631 303 dimittere
1658 263 1903 302 uxorem
1923 265 2287 332 quacumque
2333 271 2406 310 ex

272 363 441 402 causa
460 383 476 414 ,
510 334 908 418 responderit,
939 359 1063 396 non
1085 336 1259 396 licere
1278 358 1648 420 quacumque
1669 359 1740 398 ex
1763 358 1932 398 causa
1948 383 1967 414 ‚
1995 341 2098 401 sed
2119 344 2307 404 solum
2332 344 2407 405 ob

272 456 506 496 causam
536 433 936 492 fornicationis
956 478 972 505 ‚
1002 432 1152 492 nihil
1182 454 1323 493 vero
1348 434 1831 515 pronunciaverit
1860 432 1935 494 de
1968 455 2063 510 eo7
2103 439 2259 518 quod
2284 441 2409 501 fieri

269 530 455 613 possit
484 541 619 612 post
658 529 952 608 ejusmodi
982 529 1383 590 dimissionem
1408 575 1424 605 ‚
1463 529 1640 590 aliam
1679 551 1901 613 nempe
1929 552 2173 592 uxorem
2201 532 2410 597 ducere

268 649 346 687 an
369 648 493 686 non
516 671 532 702 ,
555 647 632 686 ne
652 625 977 686 Pharisaeos
1000 625 1349 688 offenderet.
1382 625 1555 701 Quod
1578 647 1717 689 vero
1749 625 1848 686 hic
1871 625 2153 709 prudenti
2181 627 2412 692 silentio

271 723 539 783 Christus
580 724 825 807 pressit,
861 723 1096 806 aperuit
1125 722 1421 806 discipulis
1443 768 1460 800 .,
1491 723 1594 806 qui
1623 742 1757 782 cum
1785 726 1855 782 in
1886 723 2056 782 domo
2092 735 2319 799 essent,
2348 737 2416 786 ut

264 820 452 881 refert
477 822 536 880 S.
563 822 794 880 Marcus
816 867 832 892 2
872 819 948 879 de
980 818 1189 900 eodem
1214 821 1728 900 interrogaverunt
1759 840 1899 878 eum
1919 864 1935 895 .,
1969 830 2028 879 et
2051 818 2269 903 absque
2297 812 2416 881 ulla

272 917 618 1001 exceptione
659 927 1010 1000 perpetuam
1045 913 1903 996 conjugii>indissolubilitatem
1943 916 2149 975 statuit
2183 928 2313 977 tum
2343 939 2415 977 ex

266 1025 442 1099 parte
475 1014 586 1073 viri
620 1024 751 1072 tum
782 1036 853 1074 ex
906 1023 1072 1095 parte
1120 1012 1317 1071 uxoris
1353 1013 1467 1093 (l).
1507 1015 1623 1072 Aut
1657 1012 1897 1073 demum
1928 1007 2063 1072 haec
2108 1012 2363 1072 clausula
2396 1059 2412 1088 .,

268 1118 340 1170 ut
356 1109 629 1170 nonnulli
659 1131 731 1170 ex
755 1107 1178 1170 recentioribus
1200 1109 1531 1192 praesertim
1560 1119 1873 1168 autumant
1890 1152 1908 1183 ,
1933 1107 2110 1169 debet
2135 1109 2405 1190 restringi

272 1205 350 1267 ad
389 1206 579 1288 legem
615 1207 962 1284 Mosaicam,
1004 1205 1081 1266 ad
1125 1210 1286 1285 cujus
1317 1217 1581 1266 mentem
1625 1204 1804 1266 locuti
1822 1206 2055 1266 fuerant
2101 1206 2415 1282 Pharisaei,

269 1326 396 1365 non
446 1315 647 1364 autem
692 1304 910 1386 porrigi
948 1301 1024 1362 ad
1060 1301 1251 1383 legem
1288 1302 1709 1383 evangelicam.
1762 1304 1942 1362 Juxta
1979 1302 2132 1363 hanc
2177 1304 2416 1386 exposi-

271 1402 499 1461 tionem
522 1446 539 1477 ‚
561 1422 700 1460 cum
729 1400 826 1460 lex
858 1400 987 1461 viro
1021 1400 1395 1482 permitteret
1416 1399 1560 1459 dare
1586 1398 1855 1460 libellum
1878 1398 2108 1482 repudii
2133 1401 2323 1475 uxori,
2353 1400 2418 1458 in

273 1519 389 1579 qua
417 1499 756 1576 foeditatem
794 1499 1075 1576 aliquam
1101 1499 1423 1554 invenisset
1444 1496 1532 1575 (2)
1561 1541 1577 1570 ‚
1612 1495 1882 1554 Pharisaei
1902 1496 2074 1554 latius
2100 1495 2291 1577 legem
2321 1497 2417 1554 in—

273 1603 671 1677 terpretantes
696 1639 711 1668 .,
771 1592 995 1652 dir'nitti
1044 1614 1213 1674 posse
1273 1612 1519 1651 uxorem
1574 1591 1865 1651 docebant
1914 1613 2297 1672 quacumque
2347 1613 2419 1651 ca·

270 1711 499 1759 causam
538 1690 803 1749 Christus
834 1701 1032 1750 autem
1073 1687 1475 1747 dimissionem
1511 1686 1740 1747 adeam
1775 1687 1962 1746 solam
1995 1708 2229 1747 causam
2264 1708 2421 1746 coar·

275 1788 460 1848 ctavit
477 1831 493 1861 ,
515 1784 589 1844 de
612 1806 728 1867 qua
759 1785 856 1844 lex
880 1785 1166 1866 loquitur,
1202 1796 1262 1843 et
1287 1805 1470 1842 unam
1495 1783 1724 1865 excepit
1755 1783 2206 1844 fornicationem
2225 1829 2240 1853 ,
2272 1782 2422 1842 nihil

273 1881 435 1943 aliud
473 1880 749 1960 adjiciens
783 1881 932 1940 circa
973 1879 1380 1940 omnimodam
1410 1878 1991 1939 indissolubilitatem
2017 1925 2032 1954 ,
2074 1901 2254 1961 quam
2288 1880 2414 1961 ipse

271 1990 477 2062 postea
521 1976 826 2037 constituit
855 1975 962 2056 (3).
1007 1977 1402 2058 Quaecumque
1437 1997 1509 2035 ex
1539 1975 1632 2035 his
1669 1974 2256 2058 interpretationibus
2299 1975 2407 2036 ad—

274 2077 586 2150 mittatur,
633 2095 764 2156 quae
806 2074 926 2133 fere
949 2074 1015 2132 in
1046 2073 1209 2134 idem
1247 2073 1550 2150 recidunt,
1591 2072 1740 2132 illud
1768 2095 2001 2155 semper
2044 2085 2240 2133 ratum
2273 2074 2416 2147 erit,

277 2171 575 2232 Christum
607 2171 673 2229 in
699 2168 942 2248 obJ’ectis
977 2168 1173 2230 verbis
1202 2168 1431 2228 nullam
1461 2171 1868 2251 exceptionem
1899 2169 2271 2252 apposuisse,
2304 2169 2419 2228 nisi

348 2396 415 2461 (1)
445 2395 590 2445 Marc.
625 2413 652 2443 x
677 2431 690 2454 ‚
743 2411 825 2445 10.
863 2393 965 2443 Cfr.
997 2394 1307 2444 Bellarminus
1392 2404 1732 2460 repugnantem
1772 2405 1818 2444 et
1856 2395 1964 2444 aleae
2005 2394 2210 2459 plenam.
2244 2392 2420 2442 Verum

276 2479 370 2530 loc.
407 2483 485 2529 cit.

351 2562 423 2628 (2)
458 2561 598 2611 Dent.
639 2576 765 2620 xxxv,
813 2577 862 2609 1.

350 2643 421 2708 (3)
458 2641 598 2693 Hanc
619 2644 1043 2709 interpretationem
1055 2645 1154 2709 jam
1172 2642 1311 2692 dede-

278 2737 350 2776 rat
386 2726 489 2776 Jos.
541 2726 686 2775 Motta
723 2763 736 2786 ‚
771 2723 1002 2773 Diatriba
1055 2725 1113 2771 de
1143 2723 1311 2774 divor-

275 2810 671 2875 tiatorumjure‚
722 2806 886 2855 Venet.
930 2820 1077 2870 1727,
1111 2804 1137 2871 §
1174 2806 1231 2853 13
1265 2816 1310 2854 et

279 2889 309 2959 §
343 2907 404 2958 19
440 2899 485 2940 et
526 2908 658 2956 seqq.
700 2887 880 2938 Calmet
916 2888 965 2936 id
1007 2891 1159 2952 ipsum
1193 2889 1308 2935 insi-

279 2984 539 3034 nuaverat,
588 2971 857 3021 Commeat.
903 2973 953 3018 in
989 2970 1131 3019 Deut.
1165 2986 1304 3032 xxiv,

287 3074 336 3108 1.
365 3057 796 3122 Interpretationem
828 3054 951 3102 hanc
979 3051 1305 3101 illustrandam

282 3151 328 3191 et
342 3139 672 3190 insinuandam
695 3138 910 3187 assumsit
949 3136 1038 3184 sibi
1067 3135 1189 3184 Lud.
1217 3133 1309 3184 Na-

283 3222 364 3272 chi
388 3223 530 3273 abbas
546 3220 895 3271 Camaldulem.
916 3221 968 3267 in
997 3219 1176 3268 erudita
1195 3218 1305 3266 diss.

282 3305 374 3353 hac
399 3306 456 3354 de
481 3323 530 3355 re
551 3305 672 3355 edita
696 3304 865 3353 Venet.
903 3318 1050 3369 ¹792·
1081 3300 1308 3350 Nonnulli

284 3403 453 3452 magno
470 3389 647 3453 impetu
670 3387 888 3436 adversus
916 3402 1020 3434 eam
1041 3386 1306 3433 insurrexe-

287 3479 424 3530 runt,
453 3471 518 3519 ita
533 3481 585 3518 ut
606 3473 684 3519 vix
711 3469 944 3519 Nachium
971 3468 1196 3517 hoereseos
1211 3485 1309 3516 non

283 3552 610 3602 damnaverint
647 3588 662 3612 ‚
725 3555 857 3619 quasi
910 3553 1179 3618 opinionem
1229 3559 1306 3599 tu-

288 3644 412 3685 tatus
433 3635 594 3686 fuisset
617 3637 847 3685 constanti
865 3634 1088 3685 doctrinae
1116 3632 1308 3683 Pati-um

1393 2475 1512 2525 nihil
1549 2479 1599 2526 in
1634 2495 1685 2525 ea
1719 2480 1948 2526 sententia
1991 2477 2119 2543 quod
2157 2476 2419 2542 periculum

1394 2559 1599 2609 redoleat
1631 2562 1779 2609 inesse
1803 2559 2003 2608 videtur.
2041 2558 2139 2609 Nec
2166 2561 2291 2608 enim
2316 2577 2420 2608 om-

1394 2645 1466 2691 nis
1491 2642 1737 2709 Scripturae
1777 2644 2094 2707 interpretatio
2137 2657 2261 2689 nova
2290 2656 2410 2688 con-

1394 2728 1533 2774 traria
1565 2734 1633 2773 est
1662 2724 1872 2772 Patribus
1889 2760 1903 2783 ‚
1940 2723 2017 2771 sed
2039 2740 2091 2771 ea
2114 2732 2409 2787 tantumquae

1394 2804 1507 2854 fidei
1535 2806 1803 2855 adversatur
1826 2815 1904 2853 aut
1927 2814 2116 2870 receptae
2134 2806 2185 2852 in
2215 2803 2419 2853 Ecclesia

1394 2887 1635 2936 doctrinae.
1671 2885 1720 2934 Si
1755 2904 1850 2952 qua
1906 2895 2064 2935 autem
2103 2889 2419 2951 interpretatio

1393 2971 1534 3020 fidem
1578 2981 1623 3019 et
1655 2970 1872 3019 Ecclesiae
1911 2970 2176 3018 doctrinam
2207 2972 2340 3036 juvat
2376 2981 2421 3019 et

1393 3054 1548 3102 firmat
1562 3055 1734 3119 potius,
1753 3070 1849 3101 non
1868 3052 1971 3101 ideo
1989 3052 2277 3117 aspernenda
2291 3052 2418 3119 quod

1392 3153 1512 3186 nova
1539 3138 1613 3185 sit.
1655 3135 1778 3185 Hinc
1812 3138 1983 3200 optime
2010 3134 2059 3184 S.
2091 3134 2356 3184 Bet-nardus
2402 3151 2418 3183 ε

1392 3215 1455 3270 Si
1481 3218 1627 3284 quid,
1678 3217 1871 3279 scribit,
1911 3216 2093 3265 dictum
2141 3226 2210 3265 est
2236 3222 2418 3282 praeter

1395 3300 1570 3350 Patres
1586 3338 1599 3362 ‚
1629 3300 1755 3366 quod
1787 3316 1884 3348 non
1921 3301 1986 3347 sit
2006 3309 2170 3349 contra
2200 3295 2371 3348 Patres
2399 3336 2412 3358 ‚

1392 3400 1481 3432 nec
1528 3383 1763 3433 Patribus
1805 3382 2014 3431 arbitror
2068 3398 2155 3430 nec
2187 3383 2418 3446 cuiquam

1393 3464 1642 3533 displicere
1670 3465 1851 3515 debere.
1876 3465 2025 3516 Hom.
2052 3483 2115 3522 ιν,
2135 3480 2271 3530 super
2285 3462 2416 3510 Mis-

1392 3565 1475 3599 sus
1502 3558 1570 3599 est
1587 3586 1604 3613 ,
1623 3560 1737 3600 tom.
1754 3566 1836 3612 m,
1866 3548 1952 3599 col.
1975 3544 2066 3617 761
2090 3584 2105 3610 ‚
2125 3546 2239 3597 edit.
2260 3542 2413 3593 Maur.
