2508 4120
273 103 396 163 204

899 120 1223 163 TRAc'rA'rUs
1267 120 1340 161 DE
1381 122 1759 164 MATMMONIO.

357 268 414 327 7.
462 267 734 327 Ceterum
755 308 770 338 7
803 283 938 323 cum
963 263 1074 323 hoc
1091 275 1315 323 naturae
1341 264 1596 323 officium
1616 311 1632 341 7
1659 288 1760 325 seu
1783 277 1851 325 ut
1876 269 2135 354 plerique
2151 274 2403 356 loquunv

276 374 376 421 tur
398 408 414 436 7
453 359 785 418 naturalem
824 369 1190 418 contractum
1227 360 1317 440 (l)
1354 361 1640 420 Dominus
1683 362 1946 422 Salvator
1979 379 2175 428 noster
2203 370 2397 431 eleva-

220 535 222 537 *
272 457 423 517 verit
446 454 520 512 ad
553 453 900 533 dignitatem
925 455 1282 514 Sacramenti
1302 502 1316 530 7
1357 455 1431 514 de
1458 455 1664 515 eodem
1686 503 1702 532 7
1739 470 2027 540 quatenus
2062 462 2397 525 Sacramen-

271 562 400 608 tum
422 560 532 623 est7
562 550 864 631 potissima
891 548 1059 608 nobis
1080 550 1396 632 disputatio
1422 573 1546 612 esse
1563 551 1738 612 debet
1755 553 2033 614 adversus
2051 561 2398 620 recentiores

270 643 592 719 haereticos7
614 644 996 721 Lutheranos7
1013 645 1379 716 Calvinistas7
1400 647 1760 724 Socinianos7
1780 648 2035 731 aliosque
2051 663 2402 715 novatorum

270 740 529 800 surculos
551 787 566 815 7
602 742 701 823 qui
723 788 737 815 7
766 743 876 801 etsi
917 743 1274 802 Matrimonii
1304 744 1672 803 sanctitatem
1707 755 1767 802 et
1790 744 2051 805 divinam
2075 752 2196 824 ejus
2226 748 2404 828 origi-

267 857 408 895 nem
438 836 593 896 ultro
618 838 914 897 fateantur
933 883 948 913 7
975 838 1166 898 eidem
1191 850 1391 899 tamen
1408 841 1765 898 Sacramenti
1794 839 2143 919 dignitatem
2171 844 2399 925 eripere

268 933 637 993 omnimodo
674 946 980 993 conantur.
1019 935 1210 1015 Atque
1252 935 1378 994 haec
1415 934 1654 1016 quidem
1690 936 1905 998 veritas
1946 949 2037 997 est
2063 983 2079 1013 7
2126 959 2302 1019 quam
2336 940 2400 998 in

268 1028 475 1108 primis
504 1028 789 1088 tuendam
813 1030 1177 1111 suscipimus.
1214 1029 1439 1090 Deinde
1465 1051 1603 1090 vero
1623 1076 1639 1106 7
1667 1043 1733 1089 ut
1757 1031 1899 1091 ordo
1928 1031 2187 1113 postulat
2209 1078 2224 1107 7
2259 1033 2403 1114 quid

266 1125 635 1184 verisimilius
653 1127 808 1185 inter
822 1137 929 1197 tot,
955 1148 1086 1207 quae
1101 1126 1617 1202 circumferuntur7
1639 1127 2063 1207 Theologorum
2083 1129 2400 1187 sententias

267 1224 594 1282 tenendum
633 1223 707 1282 sit
742 1223 814 1282 de
851 1223 1111 1301 ejusdem
1152 1224 1513 1284 Sacramenti
1549 1225 1792 1284 materia
1815 1270 1831 1300 7
1867 1225 2053 1284 forma
2089 1236 2263 1306 atque
2287 1225 2400 1283 mi·

266 1317 448 1378 nistro
470 1365 486 1395 7
509 1315 897 1398 subjiciemus,
931 1320 1015 1379 Sit
1038 1320 1254 1402 itaque.

1074 1485 1483 1539 PROPOSITIO
1522 1487 1568 1538 I.

267 1616 739 1675 Matrimonium
776 1626 858 1674 est
896 1637 1028 1674 vere
1065 1626 1119 1673 et
1139 1621 1394 1695 proprie
1435 1638 1627 1675 unum
1663 1638 1734 1675 ex
1766 1628 1982 1697 septem
2020 1617 2189 1698 Leyis
2215 1639 2399 1676 evan·

465 1712 669 1790 yelicoe
704 1712 1115 1769 Sacramentis
1152 1733 1192 1769 a
1239 1711 1474 1771 Christo
1522 1713 1784 1771 Domino
1816 1715 2189 1771 institutum.

346 1900 404 1959 8.
455 1902 538 1958 De
564 1899 680 1958 fide
711 1911 801 1959 est
824 1900 948 1960 haec
967 1901 1287 1982 propositio
1308 1947 1324 1975 7
1350 1923 1529 1982 quam
1559 1901 1970 1961 Tridentinum
1992 1948 2007 1977 7
2026 1923 2164 1962 seSS.
2187 1903 2392 1980 XXIV,

263 2017 393 2055 can.
434 1998 495 2071 17
530 1995 620 2054 his
659 1995 854 2057 verbis
881 1996 1152 2056 definivit
1185 2018 1197 2053 ε
1232 1998 1305 2056 Sz'
1328 2000 1465 2077 quis
1494 1999 1748 2068 dz‘oeeric,
1784 2001 2252 2057 Matrimonium
2281 2021 2399 2059 non

263 2115 378 2152 esse
416 2115 544 2151 vere
593 2104 649 2151 et
678 2099 931 2172 proprie
966 2115 1163 2151 unum
1207 2116 1278 2152 em
1313 2106 1529 2173 septem
1567 2096 1738 2175 Leqz's
1787 2098 2140 2175 evatzyelz’eoe
2185 2098 2399 2155 Sacra-

264 2193 481 2247 mentis
506 2211 544 2247 a
580 2189 807 2247 Christo
850 2190 1111 2248 Domino
1153 2193 1536 2266 institutum,
1576 2191 1681 2247 sed
1712 2191 1790 2247 ab
1820 2191 2168 2250 hominihus
2195 2194 2398 2250 inven-

263 2295 393 2343 tum
419 2329 436 2359 7
473 2306 661 2363 neque
678 2289 949 2364 yratz'am
977 2287 1278 2363 conferre7
1303 2286 1624 2344 anathema
1649 2288 1732 2344 sic
1756 2285 1865 2367 (2).

331 2479 402 2543 (l)
423 2477 648 2526 Nonnulli
666 2477 955 2526 contendunt
969 2513 984 2535 ,
1010 2477 1141 2525 nullo
1157 2478 1293 2528 modo

261 2571 558 2610 contractum
601 2579 692 2610 esse
731 2572 809 2610 aut
845 2562 935 2609 dici
958 2579 1090 2626 posse
1124 2559 1293 2627 conju-

262 2647 391 2710 gium
414 2682 427 2704 ‚
458 2645 618 2693 saltem
646 2662 797 2709 presse
821 2661 901 2691 seu
929 2647 1087 2692 stricto
1111 2662 1249 2693 sensu
1274 2683 1287 2704 ‚

263 2731 373 2794 quia
394 2726 611 2793 conjugio
643 2729 772 2776 deest
795 2728 1030 2792 objectum
1075 2746 1155 2776 seu
1176 2746 1246 2776 res
1268 2763 1285 2788 ,

263 2812 383 2859 circa
415 2827 558 2876 quam
605 2809 817 2857 contrahi
857 2812 1016 2873 possit.
1058 2808 1286 2857 Substan-

262 2893 375 2938 tiam
413 2893 584 2956 quippe
628 2890 914 2937 Matrimonii
951 2889 1092 2938 efficit
1120 2900 1286 2937 mutua

265 2972 479 3035 obligatio
518 2973 770 3037 conjugum
811 2971 869 3018 ad
907 2987 1113 3018 amorem
1154 2979 1199 3017 et
1228 2969 1285 3016 fi-

263 3055 500 3104 delitatem
531 3091 544 3114 ,
590 3069 693 3119 quae
746 3070 932 3101 omnem
979 3051 1284 3100 contrahendi

264 3156 320 3187 ac
351 3137 616 3204 paciscendi
667 3146 883 3185 naturam
929 3135 1116 3199 refugit.
1160 3134 1283 3182 Hinc

264 3223 452 3269 nonnisi
496 3223 746 3285 improprie
779 3219 1131 3268 Matrimonium
1178 3236 1281 3267 con·

264 3315 435 3353 tractus
474 3306 564 3353 dici
614 3312 794 3370 potest,
841 3313 1072 3370 quatenus
1113 3304 1284 3352 scilicet

265 3386 459 3435 verbum
479 3388 756 3435 contrahere
790 3387 848 3435 ad
878 3404 928 3435 ea
961 3385 1277 3449 significanda,

266 3486 367 3534 quae
420 3485 499 3532 per
543 3472 892 3518 matrimonium
936 3468 1279 3528 intenduntur,

277 3568 365 3598 usu
409 3549 730 3616 quadantenus
768 3552 1035 3600 roboratum
1072 3551 1283 3614 usurpari

268 3632 417 3696 solet3
457 3642 535 3682 aut
557 3631 718 3682 saltem
740 3634 900 3684 dicunt
918 3672 931 3696 ‚
966 3642 1252 3683 contractum
1274 3668 1289 3690 ,

1383 2479 1423 2525 si
1447 2479 1529 2543 qui
1545 2476 1840 2526 Matrimonio
1857 2478 1992 2537 inest,
2014 2496 2040 2526 a
2065 2477 2251 2544 reliquis
2268 2487 2394 2539 toto,

1381 2570 1432 2607 ut
1475 2562 1609 2608 aiunt
1630 2598 1642 2620 7
1698 2560 1811 2608 coelo
1856 2560 2090 2608 diversum
2141 2578 2251 2610 esse.
2295 2560 2393 2609 Csr.

1380 2640 1671 2709 Roskowany
1714 2660 1792 2707 op.
1834 2640 1959 2706 cit-S
1987 2641 2063 2700 18,
2092 2658 2289 2690 necnon
2312 2659 2395 2689 au-

1379 2735 1478 2773 ctor
1512 2725 1696 2778 dissert.
1728 2724 1809 2771 De
1836 2725 2191 2789 impedimentis
2220 2724 2393 2769 matri-

1377 2808 1563 2865 monii,
1589 2824 1691 2870 pag.
1726 2805 1818 2854 126
1834 2816 1994 2870 etseq.
2011 2806 2123 2853 edit.
2150 2820 2214 2865 ιν,
2238 2804 2397 2853 Mech-

1374 2889 1499 2936 liniae
1531 2885 1677 2950 1834.
1698 2886 1790 2935 Nos
1817 2898 1972 2934 tamen
1990 2924 2004 2946 ‚
2035 2904 2094 2934 ne
2121 2905 2146 2934 a
2175 2897 2392 2936 consueta

1374 2970 1596 3035 loquendi
1633 2971 1810 3017 ratione
1859 2968 2162 3031 recedamus,
2213 2980 2395 3017 contra-

1374 3061 1475 3101 ctus
1490 3069 1661 3100 nomen
1678 3051 2005 3116 usurpabimus
2021 3088 2035 3107 ,
2053 3070 2145 3117 quo
2168 3070 2306 3100 usum
2329 3062 2395 3102 est

1375 3133 1700 3182 Tridentinum
1722 3171 1734 3193 ‚
1778 3143 1888 3182 sess.
1910 3150 2039 3193 xxiv,
2078 3151 2177 3198 cap.
2211 3149 2228 3181 1
2255 3171 2268 3194 ‚
2313 3133 2394 3181 De

1373 3215 1461 3281 ref.
1495 3217 1734 3276 Macrim,
1764 3218 1846 3263 etsi
1871 3215 2097 3262 fateamur
2116 3252 2128 3273 ‚
2162 3225 2212 3263 ut
2242 3225 2392 3279 postea

1374 3300 1634 3347 videbimus
1672 3336 1685 3358 ‚
1730 3298 2080 3346 Matrimonium
2131 3318 2156 3346 a
2193 3298 2400 3364 quolibet

1375 3384 1464 3431 alio
1485 3393 1723 3432 contractu
1747 3383 1883 3448 plane
1904 3384 2107 3432 differre.

1445 3466 1507 3530 (2)
1546 3467 1614 3514 Ex
1657 3467 1806 3515 verbis
1850 3466 1994 3517 Conc.
2049 3466 2179 3514 Trid.
2228 3464 2396 3532 quibus

1378 3548 1576 3609 definit,
1628 3547 1980 3598 Matrimonium
2024 3565 2173 3597 unum
2209 3564 2304 3595 esse
2343 3564 2395 3594 ex

1377 3642 1551 3697 septem
1597 3631 1731 3695 Legis
1773 3632 2043 3697 evangelicae
2091 3629 2396 3678 Sacramentis
