2508 4120
304 94 419 154 360
931 115 1250 154 rami-nus
1295 117 1364 152 m:
1408 116 1797 154 nnmmomo.

300 259 490 317 inesse
521 257 643 315 istis
687 255 1217 333 conjunctionibus.
1252 259 1401 317 Cum
1444 257 1609 318 enim
1649 258 1933 317 haereticae
1971 263 2148 320 sectae'
2176 282 2442 322 commo-

305 354 532 412 diorem
566 350 702 410 vitae
734 350 1028 412 rationem
1058 355 1455 435 profiteantur
1477 399 1491 427 a
1533 374 1666 411 cum
1687 353 1913 433 jejunia
1935 399 1951 430 ,
1989 352 2437 433 abstinentiam,

301 445 776 526 exomologesim,
801 446 1033 529 aliaque
1054 470 1176 508 non
1195 470 1397 531 pauca,
1415 468 1544 531 quae
1560 450 1873 508 arctiorem
1888 449 2128 510 vivendi
2146 451 2439 514 rationem

301 542 599 616 efficiunt,
652 564 893 625 prorsus
946 542 1261 624 abjiciant3
1315 565 1448 604 cum
1494 555 1780 627 praeterea
1830 545 1965 603 od-io
2017 557 2445 627 persequantur

303 637 614 698 veritatem
636 684 651 709 .,
696 659 831 696 cum
868 639 1020 700 ferre
1049 652 1387 722 nequeant,
1423 652 1525 700 aut
1557 641 1656 701 vix
1692 662 1843 720 aegre
1881 640 2183 722 patiantur
2216 641 2445 723 profes-

303 733 529 793 sionem
549 733 787 793 illorum
817 746 1056 795 actuum
1083 737 1506 818 religiosorum,
1537 758 1684 818 quos
1716 736 2000 796 catholica
2024 736 2225 817 religio
2243 736 2440 815 jubet,

303 829 539 891 difficile
568 830 894 892 admodum
920 843 1033 910 est,
1057 844 1123 894 ut
1145 834 1274 916 quis
1298 834 1436 893 forti
1454 834 1652 892 animo
1678 844 1805 891 tum
1827 833 2121 892 continuis
2135 832 2444 892 blanditiis

305 938 406 986 aut
459 927 670 1003 miniS‚
716 927 1019 989 interdum
1071 930 1251 989 etiam
1280 975 1295 1004 ,
1345 929 1466 989 imo
1512 948 1663 1011 saepe
1692 974 1709 1005 ,
1758 930 1978 1011 apertis
2037 928 2450 989 vexationibus

304 1023 535 1084 resistat
564 1022 678 1106 (1).

390 1120 538 1181 271.
588 1123 717 1182 Huc
752 1122 1124 1202 referuntur,
1148 1145 1282 1207 quae
1303 1126 1503 1185 Patres
1516 1133 1959 1207 prosequuntur
1994 1121 2252 1206 pericula
2272 1168 2289 1198 ‚
2316 1123 2453 1205 ,qui-

313 1215 419 1276 bus
451 1215 751 1280 deterrere
779 1218 1128 1279 nitebantur
1153 1219 1516 1280 Christianos
1549 1219 1623 1279 ab
1647 1218 1983 1279 infidelibus
2019 1219 2157 1281 viris
2191 1229 2293 1277 aut
2320 1240 2456 1277 mu-

307 1311 547 1374 lieribus
585 1314 649 1373 in
688 1316 1136 1375 Matrimonium
1171 1315 1496 1391 ducendiS,
1535 1337 1671 1376 cum
1709 1314 1917 1375 eadem
1948 1314 2025 1374 sit
2062 1314 2211 1373 ratio
2239 1313 2453 1374 infide-

308 1410 454 1471 lium
507 1423 568 1472 et
614 1412 1031 1474 haereticorum
1075 1436 1177 1474 seu
1220 1413 1697 1474 acatholicorum.
1749 1415 1972 1493 Dogma
2012 1410 2304 1494 siquidem
2351 1433 2455 1471 seu

309 1509 588 1567 articulus
612 1509 750 1569 fidei
785 1521 875 1569 est
907 1521 1081 1570 ewtra
1103 1512 1445 1571 Ecclesiam
1473 1510 1847 1570 Catholicam
1864 1510 2105 1567 nullam
2127 1509 2276 1591 dari
2296 1509 2461 1567 salu·-

311 1613 465 1676 tem,
505 1605 627 1664 sive
663 1604 932 1665 ethnicus
967 1607 1091 1666 sive
1130 1606 1440 1667 haereticus
1479 1606 1602 1667 sive
1635 1604 2036 1664 schismaticus
2062 1603 2163 1663 ille
2194 1604 2303 1678 sit,
2357 1602 2460 1685 qui

310 1699 498 1759 sciens
523 1711 583 1759 et
612 1700 816 1762 volens
846 1712 1011 1761 extra
1031 1701 1345 1763 Ecclesiam
1370 1701 1685 1783 reperitur.
1709 1702 1889 1759 Porro
1906 1742 1928 1771 ,
1958 1700 2163 1759 ceteris
2195 1698 2422 1757 omissis
2442 1742 2459 1772 ,

311 1796 391 1853 sic
413 1794 809 1854 Tertullianus
835 1795 1164 1858 scribebat:
1189 1799 1453 1858 Domino
1471 1808 1625 1855 certe
1648 1816 1771 1855 non
1787 1805 1982 1875 potest
1991 1816 2109 1875 pro
2128 1794 2461 1873 disciplina

312 1893 690 1971 satisfacere,
745 1893 974 1953 hahens
1021 1896 1093 1953 in
1140 1895 1327 1954 latere
1379 1894 1618 1953 diaboli
1665 1913 1945 1962 servum,
1994 1901 2460 1971 procuratorem

315 1990 580 2048 Domini
595 1990 700 2048 sui
721 1990 808 2048 ad
826 1990 1217 2070 impedienda
1242 1990 1525 2069 fidelium
1548 1990 1759 2049 studia
1786 1999 1841 2047 et
1859 1988 2070 2068 officia.
2106 1988 2186 2049 Ut
2210 1990 2267 2047 si
2286 1989 2462 2046 statio

305 2086 597 2162 facienda
634 2096 750 2156 est,
789 2091 1059 2146 maritus
1098 2087 1170 2145 de
1213 2087 1312 2145 die
1355 2088 1633 2146 condicat
1674 2087 1761 2144 ad
1789 2087 2084 2153 balneas,·
2128 2088 2189 2143 si
2205 2086 2463 2163 Jejunia

318 2183 694 2240 observanda
746 2192 918 2250 sunt,
961 2187 1227 2241 maritus
1273 2183 1479 2241 eadem
1523 2183 1621 2240 die
1666 2185 2016 2242 convivium
2056 2189 2367 2247 eoeerceat;
2410 2184 2466 2238 si

309 2278 763 2356 procedendum
819 2281 978 2350 erit,
1054 2299 1380 2357 nunquam
1430 2282 1630 2358 maqis
1673 2280 1941 2357 familioe
1992 2280 2303 2357 occupatio
2360 2276 2466 2334 oh·

319 2379 526 2432 veniat
550 2373 664 2453 (2).
699 2374 761 2432 S.
791 2392 929 2434 vero
955 2371 1333 2433 Ambrosius:
1360 2374 1509 2433 Cum
1536 2384 1771 2444 sancto,
1793 2373 2022 2455 inquit,
2051 2395 2120 2432 sa
2137 2383 2316 2431 notas
2339 2375 2463 2431 eris

316 2479 373 2526 et
405 2491 549 2529 cum
577 2491 855 2549 perverso
875 2474 1268 2550 perverteris.
1306 2471 1380 2528 Si
1418 2468 1525 2529 hoc
1563 2472 1634 2527 in
1673 2471 1854 2542 aliis,
1895 2480 2125 2549 quanto
2167 2473 2365 2549 maqis
2394 2469 2465 2526 in

319 2570 598 2647 conjuyio
621 2612 637 2642 ,
686 2568 806 2626 uhi
835 2589 966 2625 una
989 2588 1131 2626 caro
1167 2577 1223 2624 et
1253 2587 1420 2626 unus
1454 2570 1714 2646 spiritus
1750 2566 1887 2625 est?
1919 2566 2220 2646 Quomodo
2260 2574 2466 2623 autem

311 2673 506 2742 potest
524 2685 849 2743 conyruere
868 2664 1140 2723 charitas
1162 2706 1178 2730 ‚
1216 2665 1275 2722 si
1306 2664 1600 2743 discrepet
1628 2663 1773 2743 fides
1787 2662 1876 2722 fl...
1913 2661 2057 2722 Non
2079 2671 2338 2742 possunt
2361 2660 2466 2718 hoc

325 2759 604 2838 dispares
631 2761 747 2839 fide
774 2760 1048 2831 credere,
1084 2770 1159 2816 ut
1191 2760 1272 2818 al)
1313 2780 1374 2818 eo
1399 2806 1417 2828 ,
1451 2780 1629 2838 quem
1669 2780 1790 2817 non
1823 2760 2064 2834 colunt,
2088 2766 2311 2838 putent
2345 2755 2468 2813 sibi

325 2856 627 2916 connubii
646 2859 1026 2937 impertitam
1041 2858 1338 2936 qratiam.
1361 2857 1547 2916 Ratio
1561 2856 1757 2927 docet,
1786 2857 1891 2914 sed
1910 2851 2175 2934 amplius
2194 2853 2467 2931 exempla

323 2963 720 3012 commonent.
764 2953 932 3033 Soepe
980 2952 1260 3011 illecebra
1304 2952 1627 3010 muliebris
1678 2951 1906 3030 decepit
1955 2954 2139 3009 etiam
2182 2950 2465 3028 fortiores

327 3054 617 3122 maritos,
662 3059 718 3109 et
760 3071 801 3108 a
849 3050 1135 3129 reliqione
1177 3049 1327 3128 fecit
1364 3047 1683 3107 discedere.
1723 3049 1812 3108 Et
1846 3048 1979 3106 ideo
2022 3057 2090 3105 tu
2142 3050 2232 3105 vel
2267 3046 2470 3104 amori

323 3147 603 3218 consule,
663 3147 752 3203 vel
787 3165 1050 3203 errorem
1091 3166 1248 3203 cave.
1304 3144 1596 3203 Primum
1635 3164 1769 3223 erqo
1818 3146 1889 3201 in
1930 3145 2207 3223 cony'uyio
2254 3142 2464 3219 reliqio

401 3379 468 3443 (l)
504 3379 771 3429 Cfr.Nicol.
795 3379 1008 3428 Sei-arius
1027 3415 1041 3438 ‚
1072 3374 1153 3425 De
1183 3376 1362 3425 Catho-
1447 3377 1699 3443 Moguntiae
1739 3374 1887 3425 1611.

327 3462 532 3512 licor-um
584 3480 696 3511 cum
737 3463 982 3513 haereticis
1036 3461 1360 3511 Matrimonio
1510 3459 1585 3523 (2)
1615 3458 1701 3508 Ad
1730 3475 1926 3507 uxorem
1948 3496 1962 3517 ‚
2003 3456 2092 3506 lib.
2134 3476 2199 3518 n,
2242 3474 2344 3522 cap.
2397 3453 2459 3517 4,

329 3548 644 3614 quaestiones,
670 3564 774 3613 cap.
814 3562 843 3594 2
877 3557 923 3595 et
956 3562 1113 3613 seqq.;
1149 3544 1358 3611 ejusdem
1445 3560 1553 3607 pag.
1584 3538 1692 3602 168,
1726 3541 1837 3589 edit.
1867 3539 2038 3604 Rigalt.

331 3628 687 3695 opusculorum
730 3628 1125 3694 Theoloqicorum
1156 3638 1271 3676 tom.
1300 3628 1352 3682 ui,
