2508 4120
526 175 646 215 cAr.
699 177 762 213 11.
809 176 877 212 nn
920 174 1257 212 mammonin
1302 174 1775 213 rnormnurunffi.
2077 153 2195 213 275

190 318 322 377 141.
376 316 460 377 Ad
502 317 584 374 5¹1¹
605 362 620 390 ‚
654 318 805 375 Dist.
841 315 1043 388 Quoad
1069 336 1297 374 causam
1330 314 1600 391 divortii.
1640 327 1829 374 trans.
1873 315 1966 374 vel
1993 336 2152 375 conc.
2177 342 2196 383 ;

105 412 297 495 quoad
321 433 548 470 causam
573 409 960 469 dissolutionis
982 454 997 484 7
1022 431 1152 488 neq.
1188 411 1510 468 Assumunt
1535 411 1693 468 enim
1729 409 2042 469 adversarii
2072 421 2199 469 tan-

107 530 281 588 quam
306 518 548 582 certum,
572 504 950 587 quodfalsum
972 513 1089 576 est,
1120 503 1415 562 Christum
1441 503 1660 563 scilicet
1682 505 1837 586 apud
1859 505 2196 565 Matthieum

109 604 547 663 fornicationem
601 600 780 660 veluti
823 620 1053 657 causam
1098 597 1489 657 dissolutionis
1533 600 1783 678 conjugii
1818 612 1876 658 et
1917 601 2201 660 facultatis

109 697 348 757 ineundi
393 716 572 755 novas
618 694 851 775 nuptias
896 693 1242 771 assignasse,
1292 714 1478 773 quum
1522 705 1720 752 tamen
1763 695 2047 772 ejusmodi
2081 697 2203 757 sive

111 790 498 852 dissolutionis
513 790 632 848 sive
649 788 930 847 facultatis
945 786 1201 846 Christus
1217 784 1440 844 ibidem
1461 808 1567 846 nec
1589 786 1836 848 verbum
1851 789 2087 866 habeat,
2103 800 2202 849 aut

113 888 343 970 penitus
369 907 462 943 eas
486 882 753 943 excludat
773 887 939 960 juxta
972 880 1143 940 dicta.
1172 882 1407 962 Optime
1437 903 1577 940 vero
1600 883 1756 942 inter
1785 905 1845 943 se
1869 895 1987 944 tres
2010 887 2207 946 Evan-

112 980 323 1060 gelistae
360 988 821 1060 componuntur,
844 977 891 1035 si
914 975 1136 1035 dicatur
1162 1020 1179 1051 ‚
1211 975 1284 1034 de
1314 974 1435 1036 solo
1462 976 1711 1037 divortio
1740 978 1931 1059 quoad
1968 978 2206 1038 thorum

115 1088 173 1135 et
204 1074 623 1134 habitationem
664 1072 962 1130 Christum
1004 1071 1323 1130 Dominum
1376 1092 1501 1130 esse
1538 1071 1799 1130 locutum
1849 1074 2010 1153 apud
2055 1076 2207 1131 Mat-

115 1170 376 1243 thaeum3v
402 1168 656 1250 alioquin
698 1165 848 1225 falsae
874 1178 1070 1226 essent
1097 1167 1400 1225 sententiae
1446 1165 1720 1228 absolutae
1758 1168 1937 1249 ipsius
1967 1167 2206 1243 Christi,

116 1286 241 1345 quae
267 1265 538 1343 leguntur
571 1260 727 1343 apud
752 1263 1012 1320 Marcum
1041 1271 1101 1319 et
1133 1262 1344 1320 Lucam
1370 1261 1481 1340 (1)

203 1358 340 1418 142.
385 1358 475 1416 Ad
513 1358 628 1430 δῶ,
668 1356 818 1436 Ney.
854 1355 1111 1437 Apostoli
1137 1356 1296 1415 enim
1326 1355 1503 1415 verba
1534 1356 1795 1417 absoluta
1824 1370 1962 1417 sunt
1994 1370 2052 1418 et
2071 1359 2215 1417 uni-

118 1452 393 1525 versalia3
429 1452 646 1510 etenim
670 1496 685 1525 .,
716 1452 738 1508 1
777 1450 852 1508 ad
873 1451 1002 1509 Cor.
1047 1451 1147 1508 VII
1173 1495 1191 1526 ,
1236 1451 1308 1509 10
1343 1472 1356 1509 :
1386 1452 1538 1520 Hz'S,
1579 1453 1806 1533 inquit,
1846 1458 1958 1531 qui
1989 1455 2218 1514 Matri-

119 1552 317 1606 mom'o
338 1552 548 1622 juncti
567 1555 742 1612 sunt,
773 1547 1104 1623 proecipiO,
1139 1566 1258 1602 non
1282 1566 1408 1622 690,
1448 1546 1560 1603 sed
1595 1547 1896 1604 Dominus
1911 1589 1932 1616 ,
1969 1568 2217 1605 umorem

120 1665 160 1701 a
197 1646 324 1700 viro
355 1662 477 1700 non
505 1641 795 1699 discedere
824 1660 844 1708 ,·
885 1640 1046 1718 quod
1078 1643 1137 1697 si
1169 1641 1536 1711 discesserit,
1573 1662 1815 1698 manere
1853 1646 2218 1721 innuptam,

121 1748 232 1797 aut
261 1740 391 1795 viro
422 1756 529 1794 suo
562 1736 950 1793 reconciliari
961 1758 980 1801 ;
1013 1744 1144 1806 tum
1175 1733 1318 1792 ibid.
1354 1756 1410 1793 v.
1450 1735 1524 1793 39
1564 1758 1578 1793 :
1612 1737 1685 1794 M
1687 1737 1839 1793 ulier
1866 1739 2115 1816 alliyata
2139 1747 2224 1794 est

124 1835 268 1911 leyi,
301 1840 520 1909 quanto
544 1840 796 1908 tempore
829 1833 927 1887 vir
955 1833 1080 1905 ejus
1104 1831 1285 1895 vivz’t,·
1323 1830 1482 1906 quod
1517 1833 1574 1886 si
1611 1830 1924 1887 dormierit
1962 1831 2128 1909 (non
2165 1834 2223 1888 si

120 1930 459 2004 fornicatus
483 1923 714 2002 fuerit)
743 1927 841 1981 vir
863 1928 1022 2001 ejus,
1060 1923 1314 1980 liberata
1344 1934 1458 1989 est,·
1494 1927 1597 1981 cui
1635 1925 1790 1990 vult,
1829 1925 2053 1997 nubat,-
2090 1935 2219 1983 tum

128 2020 378 2100 denique
414 2066 428 2088 ,
468 2020 633 2101 Rom.
665 2018 804 2092 vll,
838 2019 880 2076 2
934 2028 993 2077 et
1044 2036 1206 2098 seqq.
1260 2016 1473 2075 iterum
1510 2017 1760 2075 inculcat
1797 2041 1810 2075 t
1850 2020 1923 2075 Sz'
1948 2029 2221 2077 mortuus

121 2117 316 2192 fuerit
334 2117 432 2170 vir
458 2117 620 2189 (ᾔτεε,
655 2114 846 2171 soluta
881 2123 965 2171 est
990 2133 1028 2170 a
1055 2114 1170 2190 leye
1209 2115 1332 2168 viri
1343 2131 1363 2179 ,·
1399 2115 1626 2188 ἱρέων,
1673 2116 1898 2170 vivente
1924 2117 2050 2170 viro
2065 2156 2087 2184 ,
2120 2134 2221 2171 vo-

61 2231 67 2255 :
126 2210 371 2266 cabitur
392 2208 701 2278 adultera,
730 2210 788 2264 si
804 2210 1001 2285 fuerit
1020 2227 1157 2265 cum
1184 2208 1303 2263 alio
1328 2209 1475 2264 viro,
1491 2208 1623 2265 Jam
1650 2227 1788 2266 vero
1802 2228 1931 2264 cum
1956 2203 2226 2266 adulterii

129 2324 290 2362 casus
318 2323 439 2359 non
463 2301 606 2359 adeo
638 2301 977 2381 infrequens
1016 2300 1120 2375 sit,
1154 2311 1219 2358 ut
1258 2300 1745 2359 extraordinarius
1782 2300 1894 2360 dici
1932 2302 2139 2381 possit,
2172 2302 2220 2359 si

132 2417 237 2477 per
270 2395 417 2455 illud
444 2396 662 2454 crimen
700 2395 1033 2474 conjugium
1070 2394 1483 2453 dissolveretur
1504 2440 1520 2468 ,
1561 2415 1698 2454 vera
1726 2417 1845 2453 non
1881 2406 2029 2453 esset
2054 2396 2223 2454 toties

134 2490 414 2549 inculcata
453 2488 526 2547 ab
567 2488 837 2568 Apostolo
872 2499 1152 2569 perpetua
1180 2488 1534 2546 Matrimonii
1562 2487 2056 2547 indissolubilitas.

219 2584 356 2643 143.
404 2582 536 2659 Obj.
584 2581 856 2640 secunda.
898 2584 960 2638 10
1002 2582 1202 2640 Plures
1239 2583 1471 2654 PatreS,
1517 2603 1660 2661 quos
1700 2594 1958 2641 recenset
1996 2585 2225 2659 Launo-

128 2685 222 2758 j'us
237 2679 322 2759 (2)
344 2723 359 2752 ‚
388 2677 730 2747 docuerunt,
758 2675 906 2737 solvi
929 2676 1254 2754 conjugium
1278 2696 1383 2756 per
1410 2674 1777 2735 adulterium.
1794 2677 1860 2733 20
1891 2677 2059 2736 Plura
2083 2679 2227 2736 item

138 2773 386 2832 Concilia
423 2770 673 2851 idipsum
709 2769 1014 2827 adstruunt
1036 2815 1051 2843 ,
1095 2770 1249 2828 inter
1284 2789 1409 2850 quae
1454 2770 1816 2850 peculiariter
1848 2784 2224 2831 recensentur

141 2867 468 2926 Arelatense
497 2869 520 2922 Ι
545 2886 699 2923 anno
724 2864 841 2922 314
862 2863 1217 2923 celebratum
1233 2908 1250 2939 ‚
1273 2866 1594 2924 Venetensc
1610 2865 1672 2923 in
1698 2867 1906 2925 minori
1931 2867 2226 2926 Britannia

142 2983 295 3021 anno
322 2961 471 3028 465,
513 2960 906 3018 Vermeriense
935 2981 1090 3016 anno
1111 2959 1147 3017 7
1155 2958 1262 3032 52,
1291 2959 1707 3041 Compediense
1731 2982 1884 3020 anno
1909 2963 2048 3021 757.
2088 2962 2231 3035 Qui-

141 3054 249 3113 bus
284 3046 616 3114 addendum
645 3054 837 3133 ipsum
861 3052 1264 3124 Poenitentiale
1291 3056 1652 3129 Romanum,
1691 3056 1846 3137 quod
1882 3067 2229 3138 potestatem

146 3147 352 3207 tribuit
385 3149 606 3226 conjugi
648 3147 981 3224 innocenti,
1018 3159 1086 3206 ut
1124 3149 1337 3207 iterum
1373 3147 1591 3224 nubat,
1637 3163 1796 3211 vetat
1842 3163 2036 3209 autem
2079 3150 2231 3231 parti

153 3243 404 3301 nocenti.
435 3243 499 3301 30
531 3242 701 3301 Haud
737 3261 927 3321 paucae
952 3241 1102 3321 leges
1125 3242 1453 3323 imperiales
1474 3244 1533 3303 id
1565 3246 1754 3326 ipsum
1791 3255 2051 3303 statuunt
2074 3265 2234 3326 aequa

217 3471 407 3535 (1)Cfr.
445 3471 662 3521 Bellarm.
690 3473 783 3521 loc.
803 3475 886 3520 cit.
1237 3478 1316 3523 cit.
1342 3493 1449 3542 opp.
1487 3486 1597 3524 tom.
1633 3493 1647 3522 ι
1671 3510 1684 3537 ,
1723 3493 1771 3539 p.
1810 3490 1845 3522 ιι
1866 3512 1879 3533 ,
1927 3494 2028 3542 pag.
2063 3475 2163 3525 826
2186 3486 2231 3525 et

225 3554 288 3618 (2)
329 3553 406 3601 De
442 3555 574 3617 reqia
604 3559 665 3601 in
687 3551 1054 3604 Matrimonium
1070 3570 1159 3620 po-
1240 3573 1366 3622 seqq.

150 3644 291 3682 estate
311 3673 324 3695 ‚
350 3646 463 3699 part.
502 3652 590 3696 111,
620 3643 710 3683 art.
741 3651 782 3694 1,
816 3652 918 3699 cap.
941 3631 971 3682 5
997 3672 1010 3695 ,
1041 3635 1158 3685 edit.

1844 3717 1934 3773 18.
