2528 4120
378 200 493 258 116
1089 215 1414 252 TRACTATUS
1457 218 1526 253 mi
1571 217 1792 255 onmmi.

375 366 604 423 clerum
634 362 1006 419 instituitur.
1035 357 1169 416 Dixi
1200 357 1283 415 ita
1308 358 1526 439 passim
1549 358 1780 419 definiri
1814 372 2118 419 tonsuram
2146 361 2468 423 clericalem
2486 407 2504 437 ,

378 461 514 542 quia
554 479 675 515 non
706 453 1023 512 defuerunt
1059 474 1132 511 ex
1176 453 1473 512 veteribus
1509 453 1862 515 scholasticis
1897 468 1956 516 et
2000 458 2352 532 canonistiS‚
2404 458 2505 540 qui

376 552 648 637 pluribus
677 549 1036 629 argumentis
1060 548 1413 631 persuadere
1438 549 1629 608 conati
1655 562 1792 609 sunt
1810 597 1826 626 .
1850 551 2179 611 clericalem
2201 564 2506 613 tonsuram

376 662 435 710 et
472 646 757 706 Ordinem
800 666 960 718 6556,
1012 656 1070 704 et
1113 646 1473 705 Sacramenti
1524 667 1756 727 quoque
1796 646 2144 726 dignitatem
2201 648 2505 722 obtinere,

376 767 506 827 quae
533 744 780 825 quisque
814 741 1151 824 expendere
1178 743 1395 824 poterit
1422 741 1581 824 apud
1611 743 1962 823 Prosperum
1998 746 2370 825 Fagnanum,
2407 745 2509 827 qui

375 862 440 900 ea
480 839 714 918 collegit
748 839 861 920 (l).

470 936 569 995 90.
621 934 802 994 Nobis
840 935 977 992 satis
1016 934 1091 992 sit
1125 933 1405 994 adnotare
1448 935 1509 993 10
1554 934 1835 993 adversus
1862 934 2204 1012 Calvinum,
2246 938 2347 1019 qui
2376 949 2515 996 ton-

376 1054 525 1092 surae
551 1033 732 1091 ritum
757 1030 1013 1089 ludibrio
1044 1029 1219 1089 habet
1235 1030 1398 1090 velut
1417 1031 1847 1112 superstitionis
1869 1052 1935 1091 ac
1952 1031 2225 1091 vanitatis
2241 1032 2510 1113 plenum,

376 1151 513 1189 eum
549 1127 1026 1209 antiquissimum
1055 1147 1200 1185 esse.
1248 1127 1332 1184 Ex
1370 1128 1780 1188 vetustissimis
1819 1128 1981 1186 enim
2018 1116 2284 1188 Ecclesia:
2315 1129 2513 1188 Divio-

373 1226 573 1284 nensis
605 1224 760 1284 Actis
787 1223 964 1282 refert
997 1222 1349 1296 MarteniuS‚
1390 1224 1447 1281 S.
1480 1225 1809 1302 Benignum
1849 1221 2297 1304 Presbyterum,
2329 1226 2515 1284 sancti

374 1321 678 1402 Polycarpi
703 1318 1057 1401 discipulum
1080 1363 1096 1393 ,
1140 1329 1394 1378 tonsurae
1431 1318 1710 1379 clericalis
1736 1318 1952 1379 indicio
1981 1319 2419 1400 deprehensum
2456 1331 2515 1381 et

374 1440 408 1476 a
432 1417 706 1476 Terentio
735 1415 947 1474 comite
977 1413 1168 1474 seculo
1200 1415 1251 1472 II
1280 1413 1517 1475 labente
1557 1425 1747 1475 morte
1778 1416 2131 1475 mulctatum
2155 1416 2263 1497 (2).
2296 1417 2515 1498 impius

378 1513 842 1573 Christianorum
879 1511 1081 1570 irrisor
1117 1510 1403 1569 Lucianus
1427 1556 1442 1585 .,
1489 1533 1591 1570 5611
1629 1513 1891 1593 quisquis
1930 1524 2020 1572 est
2057 1525 2258 1572 auctor
2301 1512 2515 1593 dialogi

371 1611 636 1691 inscripti
670 1610 1050 1686 Philopatris
1062 1649 1086 1678 ,
1112 1608 1359 1684 Trajano
1388 1628 1618 1666 coaevus
1638 1653 1654 1680 ,
1682 1607 1960 1668 clericum
1990 1608 2265 1668 describit
2283 1630 2314 1668 e
2339 1631 2517 1667 mon-

374 1705 532 1764 tibus
557 1705 633 1764 ad
653 1704 965 1764 Ecclesiam
993 1703 1331 1761 venientem
1357 1701 1601 1762 detonsa
1625 1724 1790 1762 coma
1807 1703 1918 1784 (3).
1941 1706 2032 1764 Sic
2057 1706 2236 1764 etiam
2255 1704 2517 1763 Ammia-

372 1823 485 1860 nus
521 1800 893 1860 Marcellinus
921 1797 1123 1857 scribit
1146 1843 1163 1872 .
1183 1797 1505 1856 Diodorum
1535 1798 1855 1880 quemdam
1883 1799 1957 1858 ab
1988 1800 2236 1859 ethnicis
2265 1799 2516 1859 Alexan-

373 1896 518 1955 driae
568 1895 678 1954 sub
727 1895 965 1955 Juliano
1017 1904 1283 1974 apostata
1302 1940 1318 1967 ,
1373 1895 1474 1975 qui
1523 1915 1632 1954 sec.
1687 1896 1761 1954 IV
1816 1895 2194 1977 imperabat,
2251 1907 2515 1954 extremo

372 1991 657 2073 supplicio
682 1991 858 2050 fuisse
889 1989 1192 2049 addictum
1221 2034 1237 2063 n
1287 1988 1447 2071 quod
1482 1990 1757 2071 puerulos
1794 1992 2049 2051 tondens
2075 1991 2205 2051 illos
2241 1991 2515 2051 clericatu

371 2089 634 2147 initiaret
664 2086 774 2167 (4).
813 2085 1165 2144 Prudentius
1201 2106 1434 2166 quoque
1457 2131 1472 2160 7
1513 2088 1773 2167 egregius
1805 2109 1916 2146 sec.
1948 2089 2022 2146 IV
2063 2095 2233 2168 poeta
2257 2135 2271 2164 7
2307 2090 2365 2147 S.
2399 2089 2515 2168 Cy-

372 2185 566 2265 priani
605 2183 999 2241 attonsionem
1034 2182 1097 2238 in
1140 2179 1418 2239 clericum
1466 2180 1833 2240 describebat
1878 2183 1969 2241 his
2019 2183 2213 2242 verbis
2247 2205 2261 2240 :
2293 2184 2515 2260 Deflua

375 2282 651 2338 coesaries
689 2283 1087 2358 compescitur
1127 2277 1214 2334 ad
1241 2278 1437 2336 breves
1465 2279 1714 2356 capillos
1756 2278 1870 2358 (5).
1917 2279 1990 2336 Et
2023 2278 2144 2338 haec
2185 2278 2510 2353 sufficiant,

449 2474 517 2537 (l)
563 2471 924 2520 Commentaria
958 2471 1017 2518 in
1046 2469 1243 2518 secund.
1269 2480 1404 2536 part.
1477 2467 1616 2534 νιὀμοι
1656 2472 1992 2538 ἱερογλυφικοῖς
2031 2470 2308 2538 γράμμασιν
2350 2474 2406 2525 ὦς
2443 2470 2512 2522 03-

374 2557 532 2622 primi
544 2555 662 2603 libri
685 2553 1016 2603 Decretalium
1037 2592 1049 2612 ‚
1072 2554 1231 2602 Romae
1255 2551 1403 2615 1661,
1488 2576 1563 2607 τος
1605 2558 1670 2619 τῷ
1707 2559 1860 2620 χρυσῷ·
1898 2552 2113 2603 {wando-ec
2162 2552 2231 2604 τὸν
2275 2551 2511 2621 λεωφίρον.

381 2643 460 2689 tit.
487 2637 560 2689 De
595 2647 731 2686 oetate
763 2635 1061 2701 etqualitate
1082 2674 1095 2696 ‚
1139 2653 1243 2701 cap.
1282 2634 1408 2682 Cum
1496 2636 1723 2684 Ostendit
1741 2637 1869 2684 mihi
1898 2637 2023 2684 male
2056 2639 2252 2686 vestitus
2285 2638 2466 2703 aliquis
2487 2655 2512 2685 e

380 2723 654 2785 οοοιίἱπραι,
708 2737 757 2767 n.
785 2717 852 2782 44
886 2729 932 2767 et
955 2736 1086 2784 seqq.
1129 2718 1208 2766 ubi
1239 2720 1402 2782 viginti
1488 2719 1727 2767 montibus
1750 2719 1881 2767 hunc
1898 2719 2187 2781 adveniens,
2221 2737 2405 2768 comam
2427 2720 2510 2766 de-

384 2806 481 2854 duo
502 2822 584 2869 pro
603 2821 685 2851 sua
714 2803 937 2850 sententia
955 2810 1225 2865 argumenta
1245 2811 1406 2865 urget3
1487 2811 1670 2861 tonsus,
1694 2802 1984 2868 insculptam
2005 2804 2061 2849 in
2074 2801 2253 2849 theatro
2269 2802 2507 2867 ἧξεν-0913]-

386 2886 559 2936 deinde
583 2903 631 2934 se
655 2884 869 2950 expedire
888 2885 1053 2930 nititur
1074 2882 1132 2930 ab
1160 2899 1408 2946 argumen-
1477 2883 1642 2949 phicis
1654 2883 1825 2931 litteris
1844 2883 1982 2930 illius
2004 2899 2179 2931 nomen
2194 2903 2212 2931 .·
2238 2884 2367 2933 huuc
2389 2901 2510 2934 auro

387 2974 446 3020 tis
470 2969 811 3033 Theologorum
828 3004 842 3029 ,
873 2968 955 3032 qui
985 2967 1213 3014 contrario
1239 2964 1407 3029 placito
1487 2967 1620 3012 viam
1640 2964 2020 3030 inundaturum.

387 3054 643 3104 adhaerent.
1558 3047 1626 3111 (lo)
1666 3047 1769 3095 Lib.
1798 3064 1890 3095 xxu
1910 3082 1926 3104 ,
1959 3065 2059 3112 cap.
2106 3065 2121 3095 1
2141 3066 2156 3096 1
2179 3086 2192 3108 ‚
2234 3067 2336 3114 pag.
2373 3047 2506 3111 326,

457 3137 522 3201 (2)
557 3134 647 3200 Op.
668 3135 748 3182 cit.
770 3147 865 3185 sec,
883 3139 1000 3194 part.
1017 3129 1127 3177 libri
1155 3146 1172 3176 1
1190 3167 1203 3191 ,
1228 3146 1332 3194 cap.
1350 3126 1406 3190 8,
1490 3130 1605 3178 edit.
1639 3129 1781 3177 Henr.
1809 3129 1976 3178 Valesii
1997 3165 2011 3191 ‚
2044 3131 2193 3180 Paris.
2238 3130 2357 3181 1681
2385 3171 2398 3193 ‚
2424 3134 2508 3182 ubi

388 3232 472 3270 art.
493 3237 518 3284 7
544 3255 557 3279 ,
578 3216 669 3282 §Q
695 3215 742 3263 Si
765 3226 919 3262 tamen
934 3213 1046 3260 fides
1061 3213 1201 3279 hujus
1219 3211 1266 3262 S.
1284 3212 1409 3260 Mar·
1489 3213 1573 3261 cfr.
1598 3223 1706 3261 nota
1722 3213 1929 3262 editoris.
1948 3213 2046 3261 Cfr.
2068 3215 2213 3263 etiam
2234 3213 2507 3264 Sirmondus

389 3305 501 3370 tyris
524 3302 648 3350 Actis
672 3294 936 3348 adhibenda
963 3306 1044 3344 est.
1487 3298 1539 3343 in
1560 3300 1679 3345 notis
1697 3298 1754 3345 ad
1770 3297 2035 3358 Sidonium,
2056 3315 2158 3364 pag.
2179 3299 2242 3347 52
2265 3300 2350 3358 ‚ad
2370 3300 2506 3349 verba

457 3385 522 3447 (3)
562 3384 657 3432 cfr.
681 3383 821 3430 editio
848 3379 975 3427 Frid.
1000 3378 1163 3426 Reitzii
1185 3415 1198 3438 ,
1230 3380 1409 3427 Amste·
1488 3378 1669 3428 Sidonii
1691 3397 1703 3428 :
1730 3379 1877 3428 Coma
1892 3380 2081 3448 brevis,
2110 3382 2262 3430 barba
2283 3381 2499 3448 prolixa.

387 3468 485 3516 lod.
515 3465 660 3530 1743,
679 3477 795 3513 tom.
820 3479 880 3512 111
896 3499 912 3524 ,
932 3480 1037 3528 pag.
1055 3458 1155 3508 608
1176 3498 1189 3520 ‚
1208 3478 1302 3526 seg.
1323 3478 1350 3508 2
1365 3477 1379 3508 1
1395 3496 1407 3510 .
1558 3462 1623 3526 (5)
1662 3462 1853 3527 Hymu.
1879 3480 1959 3511 xm
1978 3464 2314 3531 Peristephan.
2345 3482 2390 3512 v.
2419 3465 2499 3527 30,

389 3553 467 3602 Ὠς
509 3545 772 3608 ἐπεδείξατο
820 3544 904 3610 μοι’
941 3566 1009 3598 τις
1042 3540 1318 3605 κακοεῖμων,
1362 3545 1410 3604 ἐξ
1488 3545 1599 3593 edit.
1637 3545 1847 3593 Faustini
1889 3543 2069 3594 Arevali
2109 3546 2160 3596 S.
2195 3546 2241 3596 J.
2282 3556 2394 3594 tom.
2427 3564 2498 3606 11,

389 3634 513 3701 ὁρέων
558 3627 914 3697 παροιγενέμενος
940 3668 954 3692 ,
1010 3626 1277 3695 κεκαρμένος
1333 3624 1407 3682 τὴν
1493 3646 1595 3694 pag.
1634 3627 1784 3690 1206,
1813 3629 1871 3678 ad
1895 3648 2034 3695 quem
2053 3632 2208 3680 locum
2225 3631 2311 3679 cfr.
2338 3632 2499 3680 adnot.

387 3717 524 3779 κᾶμην
580 3716 617 3762 ἐν
665 3717 727 3776 τᾷ
773 3711 954 3778 θεάτρῳ
1007 3707 1408 3778 ἐπιγεγραμμένοι
1494 3711 1673 3761 Arevali
1699 3714 1783 3763 viri
1802 3712 2073 3763 doctissimi.
