2612 4146
332 189 413 248 26

955 207 1277 250 TRACTATUS
1320 208 1391 245 ΒΕ
1436 208 1855 251 mnumnnrns·

335 351 652 430 tebantur,
703 352 990 434 ejusmodi
1022 351 1288 413 remissio
1320 361 1474 411 esset
1508 352 1692 413 etiam
1729 355 1794 414 in
1829 354 1955 415 foro
1988 355 2223 415 interno
2264 376 2460 416 coram

335 449 458 509 Deo
490 448 681 511 valida
706 495 721 523 ‚
757 470 866 509 nec
907 469 1005 507 ne.
1046 445 1313 506 Validam
1346 468 1522 529 porro
1559 447 1623 506 in
1658 449 1782 509 foro
1815 452 2050 511 interno
2074 473 2205 511 eam
2230 450 2463 512 relaxa·
2549 464 2553 468 “

336 544 562 606 tionem
613 545 823 618 fuisse,
866 540 1341 602 ineluctabilibus
1378 543 1739 623 argumentis
1778 567 1884 614 nos
1932 547 2169 608 evicisse
2216 545 2461 606 confidi-

334 661 466 700 mus
504 641 616 721 (l).

419 736 519 796 50.
569 735 658 797 Ad
696 734 811 809 41¹¹,
859 736 1018 796 Dist.
1074 736 1249 795 Cone.
1302 733 1716 795 Tridentinum
1759 734 2225 798 moderationem
2254 739 2318 797 in
2348 738 2465 797 lar·

336 833 560 913 giendis
587 832 973 914 Indulgentiis
997 831 1263 892 adhiberi
1280 833 1463 915 cupit,
1490 855 1566 892 ne
1593 833 1775 892 nimia
1798 834 2072 895 facilitate
2085 835 2466 896 ecclesiastica

337 939 656 991 enervetur
693 927 1030 1012 disciplina,
1076 930 1212 1011 quia
1246 950 1319 988 ex
1356 929 1538 988 nimia
1588 929 1863 989 facilitate
1900 929 2287 1011 Indulgentiae
2330 931 2470 993 vile-

337 1036 570 1086 scerent
608 1047 678 1087 ac
722 1024 901 1085 ardor
946 1025 1346 1106 refrigesceret
1384 1024 1462 1084 ad
1510 1046 1606 1085 eas
1658 1028 2121 1108 comparandaS,
2160 1048 2319 1087 conc.
2342 1052 2362 1094 ,·
2404 1027 2468 1086 in

337 1121 546 1182 ordine
579 1121 656 1180 ad
696 1121 1116 1204 poeniten-tiam
1157 1122 1504 1181 ⁴canonicam
1527 1167 1545 1195 ,
1579 1143 1711 1205 quae
1746 1124 2016 1205 nuspiam
2062 1124 2295 1199 existit,
2339 1145 2467 1205 neq.

338 1218 634 1279 Posterius
682 1218 845 1279 enim
896 1216 1009 1277 hoc
1054 1216 1348 1277 affirmare
1392 1230 1481 1277 est
1525 1217 1701 1300 plane
1746 1218 2062 1278 ridiculum
2109 1241 2176 1278 ac
2232 1240 2472 1279 sensum

339 1310 663 1376 absurdum
692 1312 951 1374 tribuere
993 1313 1187 1374 verbis
1225 1314 1588 1388 Tridentini,
1629 1314 1794 1396 quasi
1825 1316 1978 1374 serio
2011 1313 2336 1375 Concilium
2372 1335 2473 1395 po·
2553 1321 2558 1328 '

339 1410 521 1472 tuerit
560 1432 815 1473 asserere
838 1457 854 1486 ,
895 1409 1163 1471 enervari
1191 1409 1563 1493 disciplinam
1592 1410 2038 1473 ecclesiasticam
2065 1410 2301 1470 illarum
2342 1431 2472 1469 san-

341 1508 602 1568 ctionum
622 1552 639 1585 ‚
668 1529 924 1590 quarum
946 1530 979 1567 a
1008 1506 1276 1590 pluribus
1309 1506 1515 1567 seculis
1538 1506 1772 1567 nullum
1801 1519 2106 1590 supererat
2127 1507 2436 1586 vestigium
2453 1547 2471 1579 ,

338 1624 447 1685 per
461 1603 709 1666 nimiam
735 1604 1074 1665 facilitatem
1092 1603 1621 1684 Indulgentiarum.
1644 1606 1843 1664 Restat
1858 1615 2167 1686 propterea
2190 1648 2206 1679 ,
2233 1613 2299 1661 ut
2323 1602 2473 1661 Con·

341 1700 539 1763 cilium
578 1700 1051 1762 moderationem
1090 1712 1372 1784 cuperet,
1414 1723 1491 1761 ne
1514 1721 1592 1760 ex
1618 1701 1800 1759 nimia
1842 1699 2119 1759 facilitate
2147 1707 2474 1780 tepesceret
2547 1758 2554 1762 ,

341 1795 539 1859 fervor
561 1796 824 1859 fideli-um
855 1798 922 1856 in
946 1797 1334 1877 indulgentiis
1349 1796 1645 1856 lucrandis
1664 1842 1680 1872 ,
1711 1798 1774 1855 in
1803 1795 2076 1879 operibus
2092 1792 2470 1876 exequendiS,

342 1912 469 1974 quae
512 1893 739 1974 imponi
792 1893 985 1954 solent
1041 1895 1104 1952 in
1147 1892 1654 1973 Indulgentiarum
1702 1894 2108 1966 concessione,
2155 1891 2218 1949 in
2265 1889 2475 1971 spiritu

340 1989 706 2070 poenitentiae
737 1987 1025 2067 fovendO,
1058 1988 1300 2073 aliisque
1325 1989 1611 2069 ejusmodi
1631 1994 1801 2069 juxta
1836 1987 2184 2047 hodiernam
2211 1985 2472 2046 Ecclesiae

342 2083 730 2167 disciplinam.

427 2181 526 2240 51.
572 2184 716 2241 lust.
777 2183 858 2241 10.
920 2182 1089 2263 Lapsi
1141 2181 1286 2240 olim
1336 2181 1621 2262 rogabant
1682 2184 2003 2263 MartyreS,
2059 2189 2127 2238 ut
2180 2177 2471 2237 antistites

344 2274 652 2337 flecterent
694 2277 769 2336 ad
804 2278 1057 2357 rigorem
1092 2278 1487 2358 mitigandum
1527 2280 1817 2337 canonicae
1862 2274 2261 2359 poenitentiae,
2306 2274 2377 2332 2⁰
2416 2283 2476 2331 et

345 2375 404 2432 S.
441 2373 763 2453 Cyprianus
801 2383 1002 2455 aperte
1044 2372 1300 2434 declarat
1321 2419 1336 2448 ,
1360 2386 1596 2455 peccata
1624 2373 1760 2432 solis
1780 2371 2144 2456 poenitentiae
2177 2367 2475 2429 laboribus

350 2467 435 2527 lui
489 2490 658 2550 posse
687 2515 704 2544 ,
736 2468 1075 2529 Sacerdotes
1103 2491 1245 2531 vero
1265 2516 1282 2546 ,
1323 2472 1425 2553 qui
1458 2491 1666 2552 pacem
1701 2468 1922 2528 dabant
1956 2469 2023 2526 iis
2045 2514 2061 2543 ,
2101 2467 2202 2549 qui
2246 2465 2475 2525 satisfa-

348 2565 604 2624 ctionem
638 2565 910 2623 nondum
936 2564 1383 2647 persolverant,
1424 2577 1594 2626 vocat
1640 2567 1934 2625 doemones
1951 2607 1974 2637 ,
2007 2566 2178 2645 lupos
2214 2563 2478 2622 devasta-

348 2672 612 2740 tor-esque
646 2667 880 2742 qreyz‘s,
920 2668 1035 2741 qui
1056 2684 1176 2743 per
1199 2685 1420 2743 pacem
1460 2664 1822 2724 didicerunt
1846 2665 2050 2741 facere
2097 2661 2319 2718 bellum
2358 2659 2470 2738 (2).

349 2756 521 2837 ErgO.

420 2980 490 3042 (1)
524 2978 650 3027 Hinc
671 2977 882 3027 assentiri
902 2994 1082 3043 nequeo
1109 2976 1242 3026 Petro
1266 2976 1376 3026 Bal-

350 3063 517 3112 lermio
540 3098 555 3121 ,
592 3062 673 3127 qui
705 3063 788 3112 eit.
822 3059 1028 3110 Proelec.
1056 3063 1107 3108 ni
1124 3097 1139 3122 ,
1182 3059 1263 3108 De
1290 3056 1376 3107 In·

351 3144 619 3210 dulqentiis
634 3180 649 3207 ,
665 3160 765 3210 cap.
784 3160 836 3212 a,
855 3141 882 3209 §
904 3163 944 3206 1,
961 3153 1193 3202 autumat,
1214 3145 1378 3191 etiam·

352 3244 474 3275 num
493 3265 506 3287 ,
539 3245 648 3276 cum
673 3226 733 3275 ab
749 3226 987 3292 Episcopis
1002 3228 1098 3274 sive
1113 3244 1138 3274 a
1154 3225 1378 3273 Romanis

353 3309 662 3359 Pontificibus
698 3309 1006 3359 conferuntur
1036 3307 1343 3372 Indulgentiae
1361 3343 1376 3368 ,

355 3393 424 3440 nil
455 3392 582 3441 aliud
609 3393 708 3440 fieri
739 3410 884 3458 quam
916 3391 1112 3440 relaxari
1148 3392 1378 3454 graviores

354 3492 515 3541 poenas
543 3477 787 3525 canonicas
814 3474 1065 3523 levioribus
1092 3472 1240 3521 multo
1270 3489 1380 3536 ope-

355 3557 487 3606 ribus
524 3559 779 3624 injunctis,
817 3560 868 3606 in
901 3554 1033 3624 quod
1075 3557 1379 3605 commutatio

357 3641 527 3705 partim
567 3639 722 3699 cadit,
763 3642 930 3704 partim
976 3639 1224 3689 absolutio.
1256 3636 1381 3702 Quo-

358 3723 496 3771 modo
511 3723 636 3771 enim
651 3720 954 3786 Indulgentiae
967 3723 1204 3773 hodiernae
1218 3721 1383 3770 haberi

1458 2986 1656 3043 possunt
1683 2977 1828 3026 veluti
1868 2991 2106 3041 poenarum
2150 2977 2478 3025 canonicarum

1459 3060 1765 3109 relaxationes
1780 3092 1797 3120 ‚
1848 3060 1886 3106 si
1930 3057 2201 3107 earumdem
2242 3060 2311 3106 vis
2350 3058 2479 3106 nulla

1460 3159 1646 3208 prorsus
1662 3152 1731 3190 est
1753 3179 1766 3202 ,
1786 3159 1867 3190 seu
1881 3139 2147 3190 nullatenus
2164 3142 2319 3204 vigent
2335 3156 2479 3204 poenae

1460 3227 1726 3274 canonicae?
1753 3223 1859 3272 Non
1885 3223 2118 3272 inficiatur
2148 3233 2304 3271 tamen
2330 3222 2480 3271 Balle-

1459 3310 1609 3356 rinius
1626 3343 1640 3367 ,
1663 3307 1784 3355 hanc
1799 3323 2041 3372 poenarum
2057 3305 2388 3354 relaxationem
2406 3322 2483 3352 va-

1460 3390 1556 3439 lere
1591 3406 1743 3438 coram
1763 3388 1860 3437 Deo
1893 3425 1907 3448 ,
1928 3391 2023 3436 imo
2039 3388 2157 3436 illud
2173 3388 2413 3436 contendit
2425 3401 2480 3434 ac

1457 3481 1747 3538 propugnat.

1531 3555 1597 3617 (2)
1632 3551 1856 3620 Epistola
1905 3555 2153 3618 praesertim
2185 3569 2231 3599 rx
2273 3559 2320 3598 et
2345 3565 2479 3614 seqq.

1464 3653 1612 3703 usque
1641 3636 1700 3683 ad
1730 3654 1803 3697 xv,
1835 3641 1881 3684 et
1909 3635 2019 3683 alibi
2048 3637 2241 3700 passim.
