2612 4146
343 163 421 223 30

960 183 1285 224 TRAGTATUS
1330 183 1400 222 DE
1441 185 1857 226 INDULGENTHS.

429 331 525 390 60.
573 330 639 390 3⁰
684 329 917 390 Adnoto
944 373 960 402 .,
987 325 1324 405 hujus-modi
1353 326 1697 390 thesaurum
1732 354 1853 391 non
1886 332 2076 391 solum
2108 355 2386 415 exurgere
2408 357 2480 396 ex

345 426 568 487 meritis
605 427 950 485 Sanctorum
983 423 1046 480 in
1079 420 1240 481 coelis
1286 421 1661 502 degentium,
1697 426 1804 486 sed
1844 429 2022 488 etiam
2062 429 2255 492 adhuc
2295 431 2360 489 in
2389 430 2480 490 his

345 524 519 583 terris
555 521 915 592 viventium,
970 518 1072 598 qui
1107 528 1265 577 certe
1306 518 1636 579 satisfacere
1679 535 1924 602 possunt
1974 524 2191 587 divinae
2235 527 2481 603 justitiae

346 632 478 680 tum
508 641 617 701 pro
650 617 767 676 suis
799 627 924 673 tum
953 635 1061 696 pro
1099 613 1349 674 aliorum
1388 613 1600 674 debit-is
1620 660 1635 690 ,
1673 629 1850 697 prout
1879 619 2052 681 docet
2083 621 2482 681 Catechismus

346 718 643 775 Romanus
679 711 790 791 (l).

431 811 528 867 61.
576 807 642 866 4⁰
690 805 1113 867 Animadverto
1166 806 1422 888 denique
1450 851 1466 881 a
1512 806 1792 888 applicari
1841 807 2012 869 nobis
2071 794 2166 870 ab*
2194 811 2480 886 Ecclesia,

345 930 452 991 per
468 905 974 986 Indulgentiarum
991 905 1427 965 concessionem
1447 951 1463 980 ,
1492 906 1700 964 merita
1722 907 2068 967 Sanctorum
2083 908 2287 970 eadem
2306 909 2485 992 plane

347 1004 574 1064 ratione
591 1023 755 1083 ,qua
798 1000 876 1060 ab
906 1001 1114 1061 eadem
1163 999 1333 1059 nobis
1388 1000 1762 1083 applicantur
1819 1014 1986 1062 extra
2040 1005 2484 1064 Sacramentum

346 1100 556 1160 merita
602 1098 856 1172 Christi,
895 1098 995 1179 qui
1037 1096 1388 1177 dignitatem
1424 1098 1819 1156 communicat
1862 1101 2212 1159 Sanctorum
2260 1101 2484 1160 meritis

352 1196 534 1276 gratia
569 1195 970 1254 sanctificante
992 1238 1008 1268 ,
1051 1214 1158 1275 per
1202 1214 1382 1274 quam
1410 1193 1604 1251 Sancti
1639 1193 1869 1254 Christo
1902 1196 2209 1255 uniuntur.
2263 1197 2389 1270 Quo
2417 1196 2486 1256 fit

348 1304 416 1352 ut
456 1295 610 1352 Deus
649 1291 869 1350 intuitu
923 1291 1273 1349 meritorum
1315 1288 1531 1349 Christi
1573 1301 1634 1350 et
1666 1291 2050 1366 Sanctorum,
2083 1314 2191 1373 per
2223 1292 2488 1353 Ecclesiae

350 1388 745 1447 ministerium
784 1397 843 1446 et
874 1386 1240 1445 conditiones
1274 1384 1348 1443 ab
1393 1384 1598 1444 eadem
1640 1385 1925 1462 indictas,
1967 1390 2232 1447 remittat
2282 1411 2487 1470 poenas

354 1482 711 1569 temporales
733 1504 835 1544 seu
858 1481 1297 1558 satisfactioneS,
1325 1501 1470 1563 quas
1493 1492 1729 1563 peccata
1745 1495 1948 1543 nostra
1962 1496 2345 1567 exposcerent
2369 1484 2480 1565 (2).

423 1719 492 1786 (1)
527 1718 653 1770 Part.
683 1732 756 1778 11,
790 1732 894 1783 cap.
929 1714 980 1772 5,
1019 1735 1072 1764 n.
1105 1713 1164 1764 61
1197 1753 1210 1776 ‚
1247 1716 1380 1781 cujus

352 1803 493 1854 verba
531 1803 631 1851 haec
674 1810 788 1849 sunt
824 1817 838 1849 ε
887 1798 957 1847 In
981 1814 1034 1848 eo
1062 1813 1253 1846 summa
1284 1797 1382 1846 Dei

354 1886 544 1934 bonitas
579 1891 623 1932 et
663 1882 913 1931 clementia
955 1882 1191 1929 maximis
1225 1879 1380 1928 laudi-

354 1969 444 2017 bus
481 1975 525 2015 et
556 1968 837 2031 qratiarum
877 1964 1150 2013 actionibus
1202 1962 1381 2030 proedi-

356 2050 514 2100 canda
542 2058 609 2098 est
629 2088 643 2109 ‚
671 2049 759 2114 qui
787 2048 1015 2097 huvtzanoe
1058 2046 1383 2097 imbecillitati

356 2135 442 2183 boc
486 2133 813 2192 condonavit,
858 2140 913 2180 ut
939 2147 1070 2179 unus
1100 2138 1262 2197 posset
1288 2147 1381 2196 pro

353 2215 503 2265 altero
533 2214 827 2280 satisfacere.

429 2298 494 2363 (2)
525 2297 629 2364 Quo
667 2315 803 2347 sensu
841 2295 1045 2362 perbelle
1091 2297 1271 2360 scripsit
1302 2312 1379 2344 co-

361 2399 461 2432 mes
491 2381 562 2430 De
593 2381 784 2429 Maistre
817 2379 904 2429 loc.
931 2381 1024 2428 cit.
1058 2379 1381 2426 Maintenant

345 2467 405 2532 je
434 2481 551 2512 noue
572 2464 675 2528 saie
702 2462 977 2528 apercevoir
999 2478 1052 2510 ce
1085 2460 1249 2526 doqme
1269 2461 1385 2508 uni-

360 2546 511 2597 ver-sel
539 2547 616 2610 (de
642 2546 685 2594 la
714 2544 1032 2609 reversibilite)
1049 2543 1172 2592 dam
1196 2543 1244 2591 la
1273 2543 1385 2591 doc-

362 2631 491 2678 trine
534 2629 591 2676 de
636 2626 840 2692 l’quise
882 2643 971 2675 eur
1006 2643 1077 2674 nn
1113 2627 1261 2693 point
1300 2625 1388 2690 qui

363 2713 521 2760 excita
565 2717 674 2757 tant
703 2708 760 2756 de
801 2726 1001 2757 rnmeur
1042 2708 1166 2758 dane
1210 2708 1252 2756 le
1288 2716 1385 2757 xvie
1423 2712 1428 2718 '

364 2792 503 2843 eiecle
518 2828 536 2854 ‚
562 2799 607 2840 et
631 2793 722 2857 qui
752 2791 832 2855 fut
871 2789 912 2839 le
931 2793 1147 2857 premier
1173 2794 1386 2856 pretenta

367 2876 427 2925 de
453 2875 556 2924 l’un
590 2873 672 2922 des
694 2872 811 2939 plne
853 2872 1038 2938 qrande
1076 2873 1250 2920 crimes
1295 2889 1386 2937 que

366 2958 434 3008 les
444 2958 655 3007 hommes
678 2957 811 3004 aient
834 2957 1034 3004 commis
1055 2963 1213 3003 contre
1228 2953 1383 3005 Dieu.

367 3040 420 3090 Il
449 3041 531 3106 n’y
564 3056 595 3086 a
622 3037 889 3104 cependant
902 3054 997 3105 pas
1024 3038 1080 3086 de
1099 3038 1217 3103 pere
1241 3037 1298 3085 de
1314 3038 1389 3102 fa-

369 3122 499 3172 mille
517 3130 786 3189 protestant
814 3123 902 3186 qui
925 3121 1047 3168 n'ait
1074 3121 1269 3170 accord&
1306 3122 1388 3170 dee

370 3204 679 3270 indulqences
709 3204 825 3252 cbez
850 3203 955 3262 lui,
990 3206 1078 3270 qui
1111 3201 1239 3252 n'ait
1265 3221 1388 3271 par-

371 3286 530 3335 donne
576 3288 608 3336 ὰ
652 3303 726 3335 nn
782 3286 952 3352 enfant
981 3286 1265 3353 punissable
1292 3304 1391 3352 par

372 3368 717 3418 l'interceeeion
756 3378 799 3418 et
819 3386 918 3436 par
946 3367 1011 3417 les
1045 3371 1237 3418 nter-itae
1272 3369 1392 3417 d'un

374 3459 513 3501 maere
545 3451 712 3516 enfant
745 3452 861 3501 dont
885 3451 924 3501 il
946 3468 978 3501 a
1004 3450 1104 3500 lieu
1125 3451 1267 3499 d’etre
1280 3467 1388 3500 con-

375 3541 490 3583 tent.
533 3532 587 3580 Il
616 3532 703 3598 n’y
732 3551 762 3582 a
779 3552 871 3600 pas
904 3534 962 3583 de
989 3536 1250 3583 souverain
1274 3542 1389 3600 pro·

378 3623 552 3665 tentant
578 3618 666 3682 qui
696 3615 825 3666 n'ait
858 3620 997 3683 eiqne
1025 3620 1283 3683 cinquante
1314 3619 1392 3666 in-

378 3696 629 3764 dnlqencee
658 3698 880 3764 pendant
913 3716 1002 3750 son
1026 3702 1171 3767 reqne
1189 3739 1205 3764 ‚
1236 3717 1297 3750 en
1309 3718 1391 3751 ac-

1461 1711 1663 1763 cordant
1700 1732 1771 1764 un
1796 1716 1974 1783 emploi
1986 1754 2002 1780 ,
2043 1735 2105 1766 en
2149 1726 2404 1767 remettant
2423 1736 2487 1768 ou

1461 1808 1847 1848 commuantune
1870 1802 2045 1866 peine,
2062 1809 2150 1850 etc.
2168 1818 2269 1867 par
2291 1800 2357 1851 lec
2390 1806 2488 1851 me-

1461 1881 1580 1928 ritee
1608 1880 1690 1930 dee
1713 1884 1883 1948 peres,
1920 1884 2002 1931 des
2034 1884 2188 1949 freres
2214 1921 2229 1948 ,
2258 1885 2341 1933 des
2369 1884 2451 1949 fils
2470 1923 2485 1946 ‚

1462 1963 1544 2011 des
1561 1981 1744 2030 parens
1759 2003 1772 2025 ‚
1795 1982 1860 2014 ou
1883 1967 1964 2015 des
1991 1970 2224 2017 ancetree.
2260 1968 2328 2016 Ce
2345 1970 2492 2034 prin-

1461 2047 1568 2112 cipe
1596 2054 1665 2094 est
1698 2049 1746 2096 ei
1765 2049 1964 2113 qeneral
1999 2059 2045 2098 et
2073 2053 2119 2099 si
2148 2050 2341 2099 nature!
2367 2050 2487 2116 qu'il

1462 2145 1511 2175 ee
1553 2138 1739 2177 mentre
1779 2132 1811 2179 ὰ
1851 2140 1953 2180 tout
1992 2142 2203 2181 moment
2245 2133 2367 2181 dans
2421 2132 2488 2180 les

1465 2210 1710 2259 moindres
1726 2222 1853 2261 actes
1870 2213 1928 2262 de
1962 2213 2010 2262 la
2016 2217 2201 2281 justice
2231 2215 2485 2265 bumaine.

1469 2286 1603 2340 Vens
1649 2311 1768 2343 avez
1806 2297 1856 2343 ri
1894 2295 2027 2344 mille
2061 2297 2158 2362 fois
2193 2297 2250 2345 de
2289 2295 2338 2346 la
2370 2306 2487 2345 eotte

1465 2374 1665 2424 balance
1702 2376 2003 2442 qn’Homere
2037 2396 2069 2427 a
2111 2381 2233 2428 mise
2266 2379 2391 2428 dans
2423 2379 2489 2428 les

1465 2459 1631 2506 mains
1671 2458 1728 2507 de
1757 2477 1846 2508 son
1866 2460 2095 2527 Jupiter,
2116 2471 2480 2529 appar-eminent

1461 2557 1591 2607 pour
1620 2539 1662 2589 le
1689 2543 1865 2592 rendre
1892 2543 2117 2594 ridicule.
2152 2543 2219 2593 Le
2245 2545 2491 2594 Christia-

1467 2625 1625 2672 nieme
1667 2641 1793 2673 noue
1843 2636 2028 2676 mentre
2079 2627 2193 2677 bien
2226 2645 2322 2676 une
2351 2635 2491 2677 autre

1470 2704 1685 2756 balance.
1716 2707 1859 2756 D’nn
1887 2711 1986 2757 cote
2029 2717 2135 2758 tous
2169 2709 2235 2757 lee
2271 2711 2446 2760 crimea
2464 2743 2483 2770 ‚

1468 2788 1526 2836 de
1558 2786 1728 2838 l’autre
1757 2798 1905 2839 toutee
1939 2790 2007 2839 lee
2044 2791 2367 2856 satisfactione
2384 2810 2403 2847 ;
2430 2789 2488 2839 de

1467 2885 1519 2917 ce
1549 2869 1647 2918 cote
1668 2871 1738 2919 lee
1765 2871 1942 2921 bonnee
1972 2889 2156 2921 oeuvree
2188 2872 2245 2920 de
2284 2880 2389 2920 tous
2423 2871 2489 2920 les

1468 2951 1704 3012 horumce,
1734 2952 1777 3002 le
1796 2971 1918 3019 eanq
1946 2955 2027 3003 dee
2053 2964 2292 3020 mar-tyre,
2325 2953 2390 3003 les
2404 2971 2486 3003 ea-

1470 3035 1656 3098 crificee
1695 3043 1742 3084 et
1779 3036 1843 3085 les
1881 3036 2055 3085 larmee
2097 3037 2155 3085 de
2193 3035 2489 3087 l'innocence

1470 3114 1838 3166 e'accumulant
1860 3136 1975 3167 eane
2005 3118 2188 3167 reldcbe
2210 3134 2340 3184 pom·
2359 3120 2489 3185 faire

1470 3198 1703 3263 equilibre
1726 3218 1794 3249 au
1809 3201 2010 3267 malqui
2025 3235 2039 3261 ,
2071 3201 2240 3267 depuis
2270 3201 2489 3267 l'oriyine

1471 3281 1552 3329 des
1583 3282 1743 3332 cboeee
1763 3319 1777 3346 ‚
1805 3302 1936 3333 ceree
1968 3285 2092 3333 dane
2127 3284 2298 3334 l’aatre
2321 3286 2491 3334 bassin

1471 3380 1544 3412 see
1578 3364 2061 3433 floteuempoieonnee.
2095 3367 2148 3414 Il
2164 3369 2277 3432 faut
2302 3368 2414 3433 qu’a
2445 3366 2495 3415 la

1466 3446 1544 3509 fin
1575 3449 1617 3496 le
1647 3452 1747 3498 cote
1766 3450 1833 3497 da
1863 3448 1994 3497 salut
2022 3449 2258 3516 l'emporte
2277 3488 2290 3511 ,
2313 3458 2496 3515 etpour

1474 3533 1710 3584 accelerer
1732 3540 1846 3581 cette
1872 3548 2028 3580 oeuvre
2060 3530 2359 3590 anicerselle,
2378 3530 2493 3578 dont

1473 3618 1680 3666 l'attente
1694 3616 1792 3681 fait
1817 3617 1975 3680 qemir
1990 3624 2094 3663 tous
2111 3616 2176 3664 lec
2200 3613 2494 3677 etreisom.

1477 3718 1577 3759 vm,
1593 3697 1690 3766 22)
1709 3736 1723 3763 ,
1753 3696 1792 3747 il
1805 3699 1932 3764 suffit
1953 3715 2044 3764 que
2069 3697 2284 3748 l’homme
2303 3694 2494 3747 veuille.
