2612 4146
747 248 817 285 DE
859 242 1358 284 INDULGENTIARUM
1401 242 1664 281 EFFECTU·

2179 217 2256 277 27

233 391 331 451 52.
380 393 552 473 Resp.
595 388 679 448 Ad
717 388 831 463 lm,
860 389 1013 447 Dist.
1038 389 1147 446 Per
1175 386 1600 466 mitigationem
1621 403 1816 444 coram
1846 383 1969 440 Deo
1999 377 2257 442 validam

141 491 309 565 juxta
339 486 492 546 dicta
521 530 538 559 ‚
577 506 781 557 conc.;
823 483 1076 545 validam
1121 493 1356 541 tantum
1390 481 1452 539 in
1491 480 1615 539 foro
1654 476 2037 538 ecclesiastico
2065 520 2082 550 .,
2127 496 2261 555 neq.

150 581 365 641 Eadem
404 581 564 640 enim
596 578 813 639 chorda
849 600 1079 660 semper
1110 576 1391 636 oberrant
1425 573 1766 635 adversarii.

233 676 331 734 53.
381 674 466 734 Ad
492 675 578 732 2¹¹²
597 719 613 743 ,
655 676 813 733 Dz‘st.
857 676 1034 733 Juxta
1055 669 1419 751 disciplinam
1451 680 1593 727 tunc
1619 667 1898 750 temporis
1927 666 2223 745 vigentem
2242 709 2262 738 ‚

150 791 348 836 conc.;
379 768 641 827 absolute
665 814 680 842 ,
714 791 844 849 neq.
874 767 1100 827 Etenim
1123 785 1255 823 cum
1291 765 1348 821 S.
1378 763 1655 843 Cypriani
1689 773 1860 821 aetate
1896 761 2149 819 maxime
2178 760 2263 820 vi-

150 876 310 944 geret
335 866 396 923 in
428 864 674 923 Ecclesia
700 860 1000 945 disciplina
1020 858 1381 942 poenitentiae
1405 856 1653 938 publicae
1674 902 1690 930 ,
1715 858 2044 937 praesertim
2067 854 2263 936 quoad

150 959 259 1017 tria
290 958 388 1017 illa
424 959 664 1017 crimina
691 978 817 1038 quae
842 955 1103 1036 superius
1131 951 1525 1034 recensuimus
1545 995 1562 1028 ,
1603 951 1813 1010 merito
1845 952 1902 1008 S.
1933 951 2153 1030 Martyr
2175 949 2266 1008 in·

150 1055 385 1115 vehitur
429 1056 490 1113 in
533 1076 626 1113 eos
672 1053 963 1122 factiosos,
1005 1049 1361 1109 Novatianos
1409 1046 1626 1106 scilicet
1652 1093 1668 1121 .‚
1729 1047 1829 1128 qui
1874 1067 1980 1127 per
2018 1048 2265 1106 nimiam

151 1149 484 1208 facilitatem
504 1148 767 1206 homines
792 1144 1018 1204 desides
1045 1142 1336 1204 faciebant
1359 1143 1421 1202 in
1450 1142 1723 1225 operibus
1746 1142 2106 1224 poenitentiae
2134 1164 2263 1224 per-

152 1242 441 1303 solvendis
459 1288 476 1317 ,
510 1240 667 1323 quod
696 1229 785 1299 est
807 1251 1007 1299 eontra
1044 1238 1302 1298 Ecclesiae
1331 1249 1592 1297 mentem
1623 1236 1732 1317 (l).

235 1337 333 1395 54.
380 1337 529 1396 Inst.
577 1336 664 1394 2⁰.
709 1333 925 1395 Saltem
970 1334 1233 1415 Episcopi
1252 1338 1423 1412 juxta
1453 1343 1714 1392 veterem
1743 1330 2108 1412 disciplinam
2143 1353 2266 1392 non

153 1429 548 1490 concedebant
581 1429 1012 1509 indulgentiam
1041 1429 1154 1487 nisi
1176 1429 1391 1487 intuitu
1415 1427 1683 1503 fervoriS,
1707 1450 1883 1510 quem
1906 1428 2269 1510 poenitentes

153 1546 275 1607 prae
297 1547 358 1585 se
390 1524 658 1585 ferebant
678 1571 693 1599 ,
745 1547 861 1608 quo
892 1535 1201 1606 propterea
1224 1546 1332 1606 pro
1369 1523 1617 1606 peccatis
1650 1544 1746 1582 eos
1780 1526 1901 1582 Deo
1930 1523 2272 1583 satisfecisse

144 1625 276 1699 jure
308 1632 758 1703 praesumerent3
784 1619 1068 1702 reliquam
1096 1620 1295 1701 igitur,
1325 1641 1502 1701 quam
1538 1619 1618 1678 eis
1640 1617 2046 1699 indulgebant,
2069 1618 2267 1700 poeni—

154 1716 396 1775 tentiam
434 1716 496 1773 in
524 1714 645 1773 solo
669 1715 794 1774 foro
815 1726 1057 1775 externo
1085 1713 1485 1794 indulgebant.
1524 1715 1692 1794 ErgO.

235 1809 333 1868 55.
377 1811 571 1892 Resp.-
601 1812 758 1869 Dz'st.
782 1810 1006 1868 Intuitu
1029 1809 1302 1885 fervoriS,
1329 1831 1504 1891 quem
1540 1810 1802 1892 Episcopi
1826 1809 1889 1867 in
1918 1808 2269 1891 poenitenti·-

154 1903 261 1963 bus
294 1905 730 1987 conspiciebant
755 1951 770 1979 ,
801 1904 1195 1964 movebantur
1218 1905 1294 1964 ad
1309 1904 1728 1964 remittendam
1752 1904 2038 1986 reliquam
2067 1905 2265 1989 poeni-

157 2001 350 2060 tentiae
366 2014 611 2083 partem,
638 2013 826 2061 crana.
849 2000 1071 2060 dabant
1096 2000 1525 2081 Indulgentiam
1543 2047 1558 2077 7
1582 2001 1820 2083 eoquod
1843 2011 2268 2082 praesumerent

158 2094 305 2153 nihil
340 2096 478 2177 ipsis
509 2118 808 2179 superesse
843 2117 1036 2155 coram
1072 2099 1193 2155 Deo
1230 2084 1515 2155 luendum
1539 2108 1595 2155 et
1621 2097 1979 2178 expiandum
2003 2097 2269 2156 ulteriori

158 2176 576 2268 satisfactione,
615 2214 742 2273 neq.
777 2192 1144 2251 Contrarium
1174 2192 1332 2250 enim
1363 2191 1683 2273 colligitur,
1713 2213 1779 2251 ex
1815 2195 2049 2251 Patrum
2081 2191 2266 2251 effatiS

229 2407 294 2472 (1)
329 2407 443 2474 Quoe
457 2418 511 2456 ut
531 2409 862 2475 intelligantur,
889 2408 1164 2458 consulide-

161 2486 241 2536 bet
266 2488 451 2537 historia
486 2490 784 2539 ecclesiastica
822 2491 946 2538 illius
980 2492 1124 2538 aetatis
1150 2527 1163 2551 ,

164 2583 221 2616 ex
233 2586 323 2634 qua
338 2570 559 2617 discimus
579 2607 592 2630 ,
612 2570 821 2636 quinque
840 2573 1129 2636 presbyteros
1150 2609 1165 2631 ,

164 2652 245 2714 qui
261 2650 484 2699 adversati
506 2651 686 2699 fuerant
710 2655 990 2717 episcopatui
1005 2652 1056 2700 S.
1073 2652 1168 2718 Cy-

161 2734 307 2797 priani
331 2769 344 2792 ,
372 2733 520 2780 eidem
555 2751 734 2799 semper
763 2746 916 2798 postea
961 2734 1166 2782 infensos

161 2815 394 2875 extitisse3
435 2816 553 2864 inter
593 2816 676 2864 hos
711 2826 863 2865 autem
908 2826 1168 2864 recensetur

161 2897 295 2943 etiam
311 2895 511 2945 Novatus
530 2935 542 2957 ‚
558 2900 638 2963 qui
657 2916 749 2946 una
767 2915 874 2947 cum
895 2898 1164 2958 Fortunato,

163 2974 344 3025 Donato
369 3015 381 3036 .,
423 2977 598 3028 Gordio
621 2990 667 3028 et
691 2978 803 3046 Gaio
835 2979 1059 3028 Diddensi
1086 2997 1168 3030 au-

165 3067 261 3106 ctor
306 3063 558 3126 praecipuus
597 3062 683 3110 fuit
720 3062 1006 3123 schismatis,
1037 3063 1167 3128 quod

166 3155 287 3187 anno
325 3140 413 3190 251
462 3145 653 3192 ineunte
689 3144 995 3193 Felicissimus
1038 3146 1167 3193 exci-

168 3222 277 3268 tavit
303 3224 353 3270 in
376 3222 527 3273 Africa
545 3226 756 3275 adversus
780 3224 831 3274 S.
856 3227 1161 3291 Cyprianum.

168 3300 307 3351 Porro
344 3303 548 3355 Novatus
581 3309 758 3357 addidit
786 3326 833 3357 se
863 3311 1040 3357 socium
1067 3309 1166 3358 No-

170 3385 349 3432 vatiano
368 3421 381 3444 ,
400 3389 479 3452 qui
505 3392 674 3453 pariter
694 3390 853 3439 Romae
871 3391 1066 3439 schisma
1096 3391 1166 3440 fe-

168 3476 290 3514 cerat
320 3467 531 3518 adversus
569 3469 616 3519 S.
649 3471 931 3522 Cornelium.
967 3472 1036 3521 Ad
1061 3491 1173 3522 con-

169 3548 447 3597 firmandum
459 3561 704 3619 utrumque
711 3555 911 3604 schisma
922 3557 1173 3604 contrarias

170 3631 360 3678 omniuo
382 3634 565 3681 semitas
580 3633 692 3683 alter
711 3635 871 3684 Romae
893 3673 908 3697 ,
937 3637 1048 3685 alter
1064 3654 1170 3686 vero
1194 3650 1197 3654 ’

170 3710 441 3778 Carthagine
458 3715 684 3763 iniverunt
704 3733 786 3781 pro
812 3718 998 3769 diversis
1013 3736 1165 3767 rerum

1247 2409 1474 2477 adjunctis
1499 2428 1514 2471 3
1547 2413 1719 2460 etenim
1754 2410 2039 2460 Novatianus
2070 2429 2262 2461 accusa-

1245 2491 1327 2538 bat
1355 2491 1402 2539 S.
1424 2491 1690 2542 Cornelium
1713 2493 1773 2541 de
1804 2496 1947 2541 nimia
1976 2493 2268 2560 indulgentia

1250 2591 1352 2637 erga
1378 2574 1565 2637 lapsos;
1600 2574 1807 2622 Novatus
1851 2592 1958 2622 cum
1992 2577 2086 2623 suis
2126 2592 2266 2623 accu-

1248 2656 1378 2701 sabat
1401 2653 1451 2702 S.
1471 2655 1756 2720 Cyprianum
1786 2656 1842 2703 de
1874 2659 2018 2704 nimia
2034 2660 2268 2705 severitate

1250 2752 1352 2799 erga
1384 2735 1568 2783 eosdem
1592 2736 1762 2801 lapsos.
1793 2735 1946 2802 Quare
1980 2747 2031 2785 ut
2065 2736 2269 2786 Novatus

1250 2815 1534 2865 abstraheret
1555 2817 1735 2882 plebem
1749 2836 1775 2866 a
1801 2837 1883 2867 suo
1901 2819 2148 2885 Episcopo,
2167 2837 2269 2867 om·-

1249 2915 1331 2948 nes
1356 2899 1530 2964 absque
1558 2899 1739 2950 delectu
1760 2901 1911 2966 lapsos
1931 2902 1989 2950 ad
2010 2918 2168 2967 pacem
2187 2902 2268 2951 ad-

1250 2981 1459 3030 mittebat
1477 2989 1590 3030 ame
1605 2991 1761 3030 acta-m
1771 2985 2137 3050 paenitentiam,
2155 2991 2268 3032 autc

1249 3062 1605 3128 exomoloqesim
1617 3066 1901 3129 qravissimi
1915 3074 2054 3131 atque
2066 3066 2268 3113 extremi

1249 3143 1412 3193 delicti
1421 3145 1623 3210 factam,
1636 3155 1749 3195 autc
1766 3163 1964 3196 manum
1988 3147 2048 3195 ab
2065 3145 2116 3195 E
2108 3147 2269 3211 pisco-

1243 3243 1310 3292 po
1337 3235 1381 3275 et
1394 3227 1517 3278 clero
1539 3230 1594 3276 in
1612 3231 1950 3295 paenitentiam
1972 3230 2267 3294 impositam,

1253 3315 1308 3357 ut
1348 3325 1464 3375 saepe
1491 3309 1542 3360 S.
1563 3310 1816 3377 Cyprianus
1837 3314 2150 3376 conqueritur.
2165 3310 2269 3359 Me-

1252 3393 1339 3440 rito
1367 3391 1539 3442 idcirco
1558 3392 1610 3442 S.
1640 3393 1811 3458 Max-tyr
1842 3392 2001 3441 iubos
2040 3402 2265 3459 tanquam

1253 3476 1303 3521 in
1350 3474 1579 3524 daemones
1609 3513 1623 3535 ‚
1680 3476 1814 3540 lupos
1864 3474 2266 3540 devastatoresque

1253 3558 1396 3620 gregis
1422 3557 1684 3618 invehitur,
1725 3559 1804 3622 qui
1839 3573 1918 3622 per
1945 3575 2104 3623 pacem
2138 3557 2262 3606 didi-

1253 3648 1415 3687 cerunt
1437 3638 1584 3687 facere
1598 3637 1793 3687 bellum.
1832 3638 1931 3689 Csr.
1964 3638 2071 3688 Vita
2096 3638 2150 3689 S.
2175 3637 2271 3704 Cy-

1246 3721 1414 3784 priani,
1445 3718 1558 3769 edit.
1593 3719 1797 3771 Manrin.
1827 3719 1854 3786 ὃ
1885 3737 1903 3770 1
1921 3736 1938 3769 1
1966 3729 2013 3769 et
2028 3737 2160 3787 seqq.
