2612 4146
342 172 423 230 22
967 193 1290 233 'rnm'rrrus
1333 193 1402 228 nn
1444 189 1850 233 immolemus.

342 336 584 395 Patrum
597 345 658 394 et
671 333 929 394 Ecclesiae
955 353 1126 394 sensu
1145 329 1337 412 quoad
1360 331 1552 412 priora
1567 333 1872 409 secula3ad
1882 333 2295 418 subsequentia
2307 336 2468 397 enim

340 430 500 512 quod
523 431 770 503 attinet,
810 448 1002 510 neque
1037 427 1144 508 ipsi
1175 426 1493 487 adversarii
1517 448 1655 488 eum
1689 430 1869 490 talem
1898 431 2071 492 fuisse
2113 430 2460 493 diffitentur.

423 526 524 586 44.
575 530 768 609 Ipsam
803 524 1057 605 denique
1088 522 1471 603 Indulgentiae
1504 535 1779 585 naturam
1810 527 1873 586 id
1905 549 2215 610 exposcere
2242 539 2470 587 constat

344 643 420 683 ex
447 642 517 681 eo
539 621 720 703 quod,
753 641 886 679 cum
910 618 1156 678 Ecclesia
1175 619 1512 701 quempiam
1539 618 1614 678 ob
1641 634 1875 702 peccata
1898 622 2037 703 ligat
2062 623 2428 705 poenitentiis
2451 668 2470 700 7

343 739 488 800 quas
520 718 572 776 ei
598 722 767 795 juxta
802 726 1154 798 potestatem
1187 714 1296 774 sibi
1340 737 1374 774 a
1407 716 1636 776 Christo
1676 717 1954 778 traditam
1996 721 2285 800 injungit,
2333 719 2473 800 liget

341 814 534 896 ipsum
559 814 745 894 reipsa
766 834 960 872 coram
978 815 1130 887 De03
1159 834 1295 892 ergo
1321 824 1382 872 et
1401 834 1598 872 coram
1613 816 1733 872 Deo
1749 836 1886 873 eum
1907 814 2100 893 solvit,
2122 838 2255 876 cum
2281 816 2472 877 eidem

340 909 438 971 vel
467 929 704 968 omnem
732 909 826 970 vel
854 920 1087 991 partem
1115 907 1328 969 saltem·
1349 909 1522 988 hujus
1551 911 1914 992 poenitentiae
1936 910 2176 971 relaxat.
2210 914 2285 972 Ut
2313 914 2473 973 enim

342 1004 603 1065 ostendit
650 1004 1033 1079 SirmonduS‚
1091 1005 1282 1064 omnis
1325 1006 1675 1087 poenitentia
1725 1008 2088 1089 propositam
2136 1006 2247 1068 sibi
2294 1007 2475 1068 habet

339 1103 612 1175 veniam3
651 1101 884 1183 publica
922 1122 1062 1163 vero
1084 1102 1437 1184 poenitentia
1475 1103 1709 1161 veniam
1737 1102 1914 1161 simul
1941 1114 2002 1162 et
2025 1101 2384 1184 exemplum.
2414 1104 2475 1164 Si

341 1197 519 1277 igitur
547 1199 737 1257 omnis
759 1198 1117 1280 poenitentia
1141 1197 1252 1257 hoc
1268 1198 1575 1280 proprium
1595 1196 1777 1258 habet
1794 1244 1811 1274 ‚
1840 1199 2235 1281 expiationem
2262 1198 2476 1259 scilicet

342 1289 847 1376 abolitionemque
890 1306 1270 1376 peccatorum
1292 1340 1308 1370 ,
1338 1294 1666 1361 necessario
1697 1295 1962 1377 sequitur
1985 1340 2002 1370 ,
2033 1306 2102 1354 ut
2142 1317 2265 1354 non
2294 1295 2477 1376 possit

343 1389 723 1470 Indulgentia
759 1390 1046 1466 conferri,
1077 1391 1222 1472 quin
1243 1411 1440 1450 coram·
1469 1393 1591 1450 Deo
1614 1389 1810 1450 valida
1834 1392 1909 1451 sit
1936 1391 2046 1471 (1).
2093 1393 2220 1451 Huc
2257 1391 2478 1451 accedit

341 1483 716 1545 ineluctabile
755 1488 814 1546 S.
842 1486 1081 1548 Thomae
1110 1498 1525 1567 argumentum
1546 1531 1562 1561 ,
1606 1487 1766 1568 quod
1785 1532 1801 1559 ‚
1828 1486 1875 1546 si
1910 1507 2047 1547 vera
2075 1499 2228 1548 esset
2262 1487 2476 1547 adver-

342 1582 629 1641 sariorum
659 1583 952 1643 sententia
988 1605 1006 1661 Δε
1047 1583 1320 1643 Ecclesia
1358 1583 1711 1663 hujusmodi
1740 1583 2163 1663 Indulqentias
2199 1586 2437 1662 faciens
2453 1625 2476 1654 ,

344 1682 539 1757 maqis
571 1681 1028 1758 damm‘ficaret,
1066 1702 1256 1760 quam
1278 1681 1602 1758 adjuvaret
1626 1705 1652 1754 ‚-
1682 1685 1832 1759 quia
1866 1683 2192 1739 remitteret
2212 1681 2300 1740 ad
2324 1701 2478 1760 yra-

344 1780 533 1835 υἱον-68
555 1798 771 1856 poenas
785 1819 809 1849 ,
854 1778 1080 1837 scilicet
1099 1781 1458 1856 puryatorii
1471 1821 1492 1850 ,
1531 1777 1881 1836 absolvendo
1916 1799 1958 1835 a
1980 1779 2362 1857 poenitcmiis
2385 1781 2479 1835 in·

326 1876 572 1950 junctis
609 1873 717 1952 (2).
784 1876 1058 1931 Attamen
1100 1883 1228 1932 tum
1267 1894 1340 1932 ex
1371 1872 1629 1932 Concilio
1672 1871 2017 1933 Tridentino
2068 1884 2197 1932 tum
2235 1894 2304 1932 ex
2338 1871 2477 1932 fidei

342 1967 702 2049 professione
729 1967 966 2028 credere
1001 1979 1311 2044 tenemur,
1344 1970 1884 2051 Indulyentiarum
1918 1991 2097 2029 usum
2134 1990 2251 2028 csse
2298 1968 2477 2029 Chri-

347 2067 544 2123 stiano
561 2066 791 2144 populo
826 2068 1095 2124 maxime
1124 2066 1475 2125 salutarem.

1170 2240 1656 2283 DlFFlCULTATES.

429 2380 528 2439 45.
577 2377 711 2458 Obj.
750 2381 812 2438 1⁰
849 2378 1235 2459 Indulgentiae
1265 2379 1563 2440 hodiernae
1606 2380 1927 2463 subrogatae
1959 2393 2100 2441 sunt
2133 2382 2479 2443 relaxationi

350 2477 564 2537 veteris
580 2476 944 2558 poenitentiae
970 2477 1262 2536 canonicae
1284 2477 1690 2558 persolvendae
1708 2500 1738 2536 a
1764 2477 2008 2559 publicis
2026 2478 2475 2560 poenitentibuS‚

346 2572 691 2654 priusquam
723 2570 1101 2630 absolutionis
1125 2572 1559 2631 sacramentalis
1584 2572 1934 2632 beneficium
1959 2573 2313 2635 obtinerent.
2342 2578 2377 2634 J
2380 2597 2475 2634 arn

348 2689 491 2731 vero
519 2667 870 2748 poenitentia
912 2678 1080 2727 vetus
1124 2669 1399 2727 canonica
1443 2689 1564 2727 non
1601 2668 1940 2728 remittebat
1976 2691 2215 2751 poenam
2252 2673 2316 2728 in
2353 2671 2474 2728 foro

350 2768 585 2826 interno
603 2808 620 2840 ‚
654 2762 759 2821 sed
790 2762 1058 2820 instituta
1085 2774 1319 2821 tantum
1348 2764 1457 2822 fuit
1481 2763 1556 2822 ad
1578 2764 1876 2846 publicam
1904 2764 2163 2823 dandam
2191 2764 2472 2823 tribunali

351 2860 735 2923 ecclesiastico
772 2857 1260 2930 satisfactionem3
1317 2880 1451 2937 ergo
1498 2880 1689 2939 neque
1731 2858 2116 2938 Indulgentiae
2170 2859 2471 2920 hodiernae

351 2958 662 3018 remittunt
696 2975 936 3036 poenam
970 2953 1032 3012 in
1054 2953 1179 3012 foro
1213 2953 1447 3012 interno
1476 2974 1671 3012 coram
1704 2957 1825 3012 Deo
1848 2999 1864 3027 ‚
1893 2955 1998 3014 sed
2031 2954 2221 3014 solum
2255 2956 2317 3014 in
2348 2956 2472 3015 foro

351 3064 596 3115 externo
620 3063 680 3112 et
702 3073 894 3111 coram
922 3050 1190 3110 Ecclesia.
1216 3050 1285 3106 20
1302 3050 1494 3122 Quare
1515 3050 1835 3108 Concilium
1861 3049 2269 3110 Tridentinum
2285 3052 2471 3126 docet,

352 3150 664 3209 Ecclesiam
699 3148 877 3207 etiam
911 3148 1360 3225 antiquissimis
1389 3147 1945 3224 temporibususam
1979 3146 2152 3206 fuisse
2182 3160 2472 3229 potestate

351 3242 689 3303 conferendi
726 3232 1120 3322 indulgentias
1150 3266 1165 3315 ς
1224 3240 1388 3322 atqui
1432 3239 1798 3320 Indulgentia
1835 3242 2156 3324 antiquitus
2186 3255 2308 3302 erat
2343 3267 2473 3303 mo-

354 3339 554 3399 derata
589 3337 939 3399 condonatio
974 3359 1166 3418 poenae
1200 3336 1489 3395 canonicae
1509 3382 1524 3410 a
1569 3358 1744 3417 quam
1775 3335 1966 3395 adhuc
1996 3337 2187 3416 vigere
2220 3340 2469 3401 creden-

354 3434 498 3494 dum
537 3445 626 3494 est
652 3479 668 3509 ‚
702 3456 835 3494 cum
868 3454 1175 3515 nunquam
1211 3432 1386 3492 fuerit
1416 3431 1710 3511 abrogata.
1753 3431 1819 3491 30
1853 3434 1986 3494 Haec
2029 3446 2224 3495 autem
2254 3437 2469 3496 confir-

419 3613 485 3676 (l)
522 3610 623 3660 cfr.
677 3609 905 3660 Historia
942 3611 1243 3679 poenitentioe
1261 3626 1362 3676 pu·
1517 3609 1578 3674 (2)
1615 3608 1842 3676 Supplem
1863 3649 1877 3672 ‚
1906 3630 1955 3679 q.
1993 3612 2056 3662 25
2077 3650 2090 3676 ‚
2114 3625 2197 3663 art.
2225 3629 2270 3664 ι.

350 3691 516 3755 hlicae,
547 3711 653 3759 cap.
686 3709 764 3741 ιο.
