2508 4120
286 73 406 134 330
951 95 1274 132 'raAerA'rus
1319 95 1387 132 nn
1432 95 1809 138 mumuomo.

286 249 426 298 ante
439 232 768 319 peccatum,
788 254 1084 317 quemque
1107 236 1335 318 antiqui
1353 236 1725 314 patriarchae,
1744 238 1906 321 prius
1926 261 2102 323 quam
2123 246 2322 308 civiles
2340 244 2429 306 le-

287 356 385 414 ges
400 328 901 390 constituerentur
917 375 934 407 ‚
947 331 1235 408 inierunt,
1256 331 1330 390 ad
1345 333 1833 395 sacramentalem
1850 334 2198 416 dignitatem
2211 343 2427 418 evexit,

286 441 347 489 et
387 429 466 484 ita
501 426 734 501 evexit,
785 437 852 484 ut
878 427 1105 508 quoties
1140 427 1412 508 legitimae
1440 451 1707 512 personae
1734 431 2072 492 naturalem
2093 433 2251 495 hunc
2287 458 2430 498 con—

286 533 541 583 tractum
565 522 866 582 efficerent
889 568 906 598 .,
941 525 1112 584 toties
1143 526 1502 585 conficerent
1523 528 1987 589 Sacramentum.
2014 531 2205 604 Quare
2229 552 2301 591 ex
2322 533 2431 594 hac

284 630 620 679 contractus
649 618 936 678 naturalis
957 619 1291 682 elevatione
1313 621 1534 681 factum
1557 633 1645 682 est
1666 669 1682 698 ,
1714 634 1782 682 ut
1803 646 1922 683 uno
1944 625 2271 708 eodemque
2303 637 2435 688 actu

287 727 348 775 et
371 726 704 775 contractus
735 727 794 775 et
821 717 1267 777 Sacramentum
1306 716 1641 778 habeantur
1666 719 1730 778 in
1763 721 2029 802 conjugio
2065 722 2436 782 Christiano-

286 834 419 871 rum
443 858 457 886 a
507 833 609 871 seu
660 823 993 872 contractus
1031 824 1090 873 et
1130 815 1576 874 Sacramentum
1615 814 2055 876 identificentur
2096 839 2204 900 per
2246 841 2435 879 unum

288 910 682 992 eumdemque
722 922 938 970 actum.
991 912 1143 970 Hinc
1181 912 1419 971 nonnisi
1454 913 1804 992 cogitatione
1839 914 1988 973 ratio
2034 925 2370 975 contractus
2403 937 2437 975 a

287 1006 515 1065 ratione
536 1007 899 1066 Sacramenti
932 1006 1312 1087 distinguitur
1334 1007 1440 1089 (l)
1460 1009 1642 1067 Porro
1669 1009 1715 1067 si
1740 1008 1820 1068 ita
1846 1020 1934 1069 est
1955 1056 1969 1084 7
1996 1014 2121 1089 jam
2150 1010 2434 1092 sequitur,

289 1101 365 1162 ad
401 1102 562 1162 illam
603 1101 788 1161 solam
834 1103 1283 1178 auctoritatem7
1327 1126 1397 1163 ex
1434 1104 1654 1164 Christi
1700 1105 2113 1181 institutione,
2170 1118 2434 1189 spectare

281 1202 378 1277 jus
414 1198 778 1259 decernendi
814 1198 1184 1258 conditiones
1208 1244 1231 1271 ‚
1272 1220 1400 1282 quae
1439 1200 1824 1282 requiruntur
1862 1212 1928 1260 ut
1971 1222 2236 1284 personae
2280 1201 2436 1283 legi-

290 1295 449 1356 timae
472 1297 574 1356 se'u
597 1295 823 1356 idoneae
846 1296 1071 1355 censeri
1101 1294 1358 1355 debeant
1390 1295 1464 1355 ad
1489 1308 1859 1356 contractum
1895 1297 2262 1380 conjugalem
2286 1297 2441 1358 cele-

288 1391 631 1469 brandum.¹
686 1394 950 1475 adeoque
1000 1405 1059 1452 et
1120 1392 1195 1452 ad
1242 1395 1689 1454 Sacramentum
1743 1394 2212 1469 conficiendum,
2269 1394 2359 1453 cui
2408 1415 2441 1453 a

292 1490 525 1550 Christo
579 1490 937 1551 demandata
993 1503 1083 1550 est
1130 1492 1643 1550 Sacramentorum
1692 1512 1830 1550 cura
1876 1502 1936 1550 et
1984 1491 2435 1550 administratio.

291 1586 472 1667 Atqui
508 1587 630 1646 haec
659 1607 768 1645 nec
799 1597 888 1645 est
914 1607 1021 1644 nec
1054 1607 1176 1644 esse
1213 1597 1405 1667 potest
1450 1586 1563 1646 nisi
1604 1585 1725 1645 sola
1760 1586 2034 1646 Ecclesia.
2081 1588 2231 1646 Nam
2262 1585 2436 1644 solius

293 1681 559 1742 Ecclesiae
599 1703 816 1740 munus
857 1693 945 1740 est
983 1679 1316 1756 declarare,
1365 1702 1635 1763 quaenam
1672 1682 1931 1762 legitima
1959 1670 2203 1741 materia
2228 1683 2440 1740 Sacra-

292 1788 635 1835 mentorum
671 1778 744 1835 sit
766 1822 782 1851 ,
820 1777 1150 1858 praesertim
1181 1799 1317 1835 cum
1353 1778 1544 1857 agitur
1583 1777 1656 1836 de
1697 1778 1944 1837 materia
1978 1780 2270 1857 promima
2287 1820 2308 1848 ,
2338 1766 2442 1835 cu-

285 1873 548 1952 jusmodi
582 1894 705 1933 esse
737 1872 991 1931 diximus
1017 1882 1387 1932 contractum
1410 1872 1744 1932 naturalem
1771 1883 2042 1955 respectu
2078 1863 2443 1931 Sacramenti

296 1969 695 2042 Matrimonii;
736 1967 912 2027 solius
939 1967 1201 2028 Ecclesiae
1225 1979 1314 2028 est
1335 1967 1697 2028 conditiones
1717 1990 2037 2051 apponere,
2064 1967 2274 2050 quibus
2302 1987 2442 2049 pro-

295 2066 458 2124 xima
496 2065 623 2125 haec
658 2065 902 2123 materia
937 2064 1196 2144 legitima
1238 2076 1340 2124 aut
1383 2064 1687 2145 illegitima
1728 2064 1934 2124 haberi
1978 2063 2226 2136 debeatg
2265 2062 2442 2122 solius

297 2160 473 2239 igitur
518 2158 781 2218 Ecclesiae
820 2170 908 2218 est
943 2159 1182 2240 proprio
1230 2174 1289 2219 et
1332 2160 1642 2238 originario
1676 2164 1810 2238 jure
1847 2158 2271 2240 impedimenta
2301 2179 2444 2217 con-

299 2256 581 2330 stituere‚
636 2254 850 2337 quibus
905 2255 1321 2314 contrahentes
1371 2254 1663 2314 inhabiles
1714 2276 1778 2314 ac
1822 2254 2312 2334 illegitimifiant
2369 2253 2446 2312 ad

301 2362 670 2412 contractum
705 2350 1032 2411 ineundum
1062 2396 1078 2427 ‚
1121 2349 1385 2433 adeoque
1421 2362 1481 2410 et
1538 2349 1614 2410 ad
1648 2352 2095 2410 Sacramentum
2128 2350 2446 2410 conficien-

301 2448 447 2508 dum
479 2450 595 2530 (2).

375 2627 443 2693 (l)
483 2628 773 2694 Quapropter
803 2637 1066 2677 contractus
1096 2638 1141 2676 et
1173 2625 1338 2676 Sacra·
1424 2627 1663 2678 Christum
1709 2630 2000 2678 constituisse
2058 2627 2296 2693 Principes
2343 2634 2448 2676 tan-

305 2720 519 2760 mentum
537 2714 587 2759 in
604 2712 832 2778 conjugiis
852 2710 1223 2758 Christianorum
1240 2728 1338 2759 non
1424 2729 1567 2777 quam
1606 2711 1916 2760 moderatores
1947 2712 2165 2768 materiae,
2180 2707 2454 2758 Sacramen-

306 2804 501 2859 possunt
527 2796 723 2859 spectari
745 2794 890 2843 veluti
920 2792 1031 2842 duae
1061 2793 1305 2842 realitates
1324 2830 1339 2852 ‚
1426 2803 1616 2855 torum3
1651 2795 1688 2840 si
1714 2796 1839 2840 enim
1868 2802 2055 2857 possent
2078 2792 2322 2858 quidpiam
2343 2807 2455 2838 con-

311 2895 390 2927 seu
411 2878 512 2926 duae
543 2896 614 2926 res
638 2878 699 2925 ab
717 2879 918 2925 invicem
945 2876 1169 2923 distinctae
1192 2893 1246 2924 ac
1275 2892 1344 2924 se·
1426 2878 1593 2923 tituere
1665 2876 1787 2923 circa
1846 2877 2088 2923 materiam
2172 2873 2455 2922 Sacramenti

310 2960 539 3027 parabiles
558 2995 572 3023 ‚
593 2970 644 3008 ut
662 2962 832 3025 passim
858 2959 911 3006 fit
923 2959 981 3006 ab
999 2960 1081 3019 iis,
1098 2961 1180 3025 qui
1204 2969 1341 3006 tuen·
1425 2957 1714 3006 Matrimonii
1746 2994 1760 3017 ,
1800 2946 1973 3005 eadem
2025 2958 2201 3004 ratione
2262 2967 2457 3022 possent

310 3055 387 3093 tur
400 3045 680 3093 contrariam
699 3042 975 3091 doctrinam.
995 3040 1224 3089 Distincta
1235 3041 1344 3107 qui·
1429 3042 1704 3090 constituere
1723 3042 1773 3088 in
1796 3040 1957 3087 ordine
1985 3040 2042 3087 ad
2075 3039 2164 3087 alia
2183 3037 2457 3088 Sacramen-

312 3129 421 3178 dem
447 3138 514 3176 est
530 3131 579 3175 in
605 3126 977 3176 Christianorum
992 3125 1243 3174 connubiis
1263 3143 1338 3173 ra·
1430 3133 1496 3186 ta,
1518 3123 1741 3189 Baptismi
1771 3161 1783 3184 ‚
1808 3139 1883 3171 ex.
1917 3140 1986 3188 gr.
2012 3122 2310 3171 Eucharistiae
2330 3158 2345 3184 ‚
2364 3132 2456 3171 etc.

313 3215 377 3261 tio
386 3212 612 3278 formalis
629 3251 643 3274 ‚
678 3223 730 3261 ut
744 3211 910 3261 scholae
932 3210 1191 3277 loquuntur
1209 3247 1223 3271 ‚
1242 3228 1348 3259 con·
1431 3207 1561 3274 quod
1596 3224 1734 3255 nemo
1752 3205 2018 3254 Catholicus
2046 3206 2183 3254 dicet.
2205 3204 2429 3253 Praeterea
2446 3240 2458 3259 ,

315 3305 487 3344 tractus
532 3308 576 3345 et
615 3299 730 3344 ratio
753 3292 977 3360 formalis
1022 3293 1340 3355 sacramenti,
1433 3295 1471 3340 si
1515 3290 1732 3340 Christus
1772 3290 1895 3339 hanc
1934 3289 2148 3338 dedisset
2191 3298 2462 3354 potestatem

317 3381 512 3427 minime
539 3397 647 3428 vero
681 3389 951 3427 contractus
985 3379 1081 3442 ipse
1111 3387 1156 3425 et
1185 3375 1347 3425 Sacra·
1435 3375 1762 3441 Principibus,
1810 3374 1882 3422 vel
1915 3373 2113 3421 dedisset
2139 3381 2193 3419 ut
2229 3370 2463 3435 Principes

320 3471 532 3511 mentum
555 3500 569 3522 ,
600 3463 793 3527 perinde
814 3479 868 3510 ac
899 3464 936 3510 si
968 3470 1118 3510 essent
1144 3460 1247 3508 duae
1282 3478 1351 3508 res
1437 3460 1677 3507 christiani
1695 3467 1803 3507 sunt
1823 3494 1836 3517 ,
1868 3467 1945 3504 aut
1980 3455 2188 3503 absolute
2206 3463 2343 3519 prout
2357 3459 2462 3500 sunt

323 3545 383 3592 ab
411 3546 612 3593 invicem
635 3545 883 3594 distinctae.
1440 3541 1707 3606 reipublicae
1742 3540 1889 3589 civilis
1905 3539 2211 3587 moderatores
2233 3553 2314 3584 seu
2328 3533 2460 3582 Prin-

395 3628 461 3691 (2)
503 3627 766 3676 Absurdum
813 3645 921 3676 sane
965 3638 1028 3676 est
1080 3627 1306 3674 affirmare
1336 3663 1347 3685 ‚
1441 3626 1563 3689 cipes
1600 3621 1790 3683 civiles3
1832 3639 1964 3686 porro
2010 3622 2216 3685 primum
2247 3617 2336 3665 dmi
2382 3631 2469 3662 ne-
