2612 4146
312 141 390 200 72

825 159 1148 199 TRACTATUS
1192 159 1260 194 DE
1303 156 1568 195 EXTREMA
1612 155 1917 193 UNCTIONE.

314 314 535 370 est-cur
555 304 839 363 miremur
857 347 873 375 7
911 302 974 359 in
999 300 1247 359 Ecclesia
1271 297 1484 360 saltem
1512 298 1695 358 latina
1717 297 1793 357 ob
1822 293 2141 356 nonnullos
2157 339 2174 369 7
2201 295 2301 377 qui
2343 295 2432 353 ir—

313 411 625 482 repserunt
649 398 860 458 abusus
884 397 1177 454 sancitum
1197 395 1400 472 fuisse,
1429 405 1497 452 ut
1519 391 1594 452 ab
1617 395 1790 453 unico
1806 389 2115 453 Sacerdote
2136 434 2153 465 7
2174 390 2433 450 Parocho

315 495 532 555 scilicet
552 541 568 569 7
601 501 914 572 ungeretur
939 490 1209 550 infirmus
1238 491 1969 571 (1).ὶ

400 590 502 649 43.
552 590 644 648 VI.
697 584 1036 664 Subjectum
1064 599 1339 646 extremae
1373 585 1666 644 unctionis
1699 606 1824 644 esse
1849 586 2000 645 solos
2037 584 2265 647 adultos
2293 582 2435 665 bap-

320 687 524 745 tizatos
563 683 843 763 gravique
877 680 1085 742 morbo
1113 681 1449 741 laborantes
1482 682 1638 740 inter
1668 701 1872 740 omnes
1909 681 2220 740 catholicos
2245 678 2440 738 Theo-

321 780 480 859 logos
503 798 663 836 nunc
686 778 963 837 convenit
987 778 1266 838 adversus
1280 776 1563 837 Dallaeum
1583 821 1599 851 7
1634 776 1736 856 qui
1769 776 2073 835 contendit
2094 822 2111 852 7
2140 776 2317 836 etiam
2345 775 2441 831 in-

322 875 512 933 fantes
562 893 628 954 ac
681 873 904 956 optima
932 873 1296 937 ,valetudine
1354 883 1587 932 utentes
1644 871 1850 951 inungi
1903 872 2108 953 quovis
2175 883 2441 952 tempore

324 968 708 1029 consuevisse.
747 969 1119 1029 Contrarium
1157 969 1319 1030 enim
1347 968 1629 1030 evincunt
1650 1011 1666 1040 7
1701 967 1765 1024 10
1792 967 1918 1047 ipsa
1955 965 2156 1025 Jacobi
2187 964 2445 1047 Apostoli

325 1063 510 1125 verba
533 1110 550 1139 7
578 1075 647 1124 ut
667 1063 843 1146 paulo
865 1074 1002 1125 ante
1027 1063 1390 1125 ostendimus
1405 1109 1422 1139 7
1450 1064 1519 1122 2⁰
1541 1073 1812 1123 constans
1841 1061 2103 1122 Ecclesiae
2122 1062 2317 1144 praxis
2333 1059 2449 1141 (2),
2528 1126 2530 1128 ,

330 1160 397 1220 30
427 1181 631 1244 omnes
676 1162 878 1221 Patres
922 1172 984 1223 et
1017 1159 1256 1220 rituales
1283 1158 1438 1219 libri.
1478 1159 1536 1218 Si
1573 1179 1701 1241 quae
1723 1169 2111 1217 monumenta
2146 1156 2303 1216 aliud
2328 1177 2451 1239 prae

334 1277 397 1315 se
408 1255 560 1315 ferre
573 1255 878 1332 videntur7
902 1255 998 1318 vel
1014 1277 1085 1316 ex
1101 1254 1336 1338 speciali
1349 1254 1550 1319 divino
1569 1254 1849 1313 instinctu
1863 1252 1925 1312 id
1935 1251 2323 1336 repetendum
2337 1251 2451 1334 (3)7

324 1351 430 1412 ,vel
467 1372 540 1411 ex
567 1351 894 1430 ignorantia
912 1397 929 1426 7
968 1351 1065 1413 vel
1083 1351 1327 1412 demum
1347 1373 1420 1412 ex
1444 1349 1651 1410 eodem
1673 1349 1962 1431 principio
1977 1393 1995 1426 7
2017 1370 2134 1431 quo
2160 1370 2327 1408 senes
2358 1349 2454 1406 in-

334 1446 572 1507 terdum
596 1446 807 1530 inungi
833 1458 1266 1508 consueverunt
1292 1446 1401 1528 (4).
1429 1446 1706 1507 Ceterum
1728 1444 1805 1505 ad
1826 1447 2159 1506 Graecorum
2187 1443 2456 1503 aliorum-

334 1564 448 1624 que
480 1542 870 1602 Orientalium
908 1544 1139 1624 praxim
1177 1543 1337 1625 quod
1379 1542 1592 1603 attinet
1630 1540 1956 1621 inungendi
1992 1562 2163 1599 sanos
2201 1560 2266 1599 ac
2299 1539 2454 1599 bene

335 1637 599 1699 valentes
619 1683 636 1714 7
663 1638 920 1697 ostendit
944 1638 1338 1697 Renaudotius
1358 1684 1375 1714 7
1412 1660 1508 1699 eos
1534 1659 1642 1720 per
1665 1637 1838 1697 illum
1857 1636 2041 1696 ritum
2065 1636 2312 1694 minime
2338 1632 2451 1693 sibi

337 1754 667 1814 proponere
708 1732 1280 1794 administrationem
1312 1734 1673 1793 Sacramenti
1692 1779 1708 1808 7
1742 1733 1846 1794 sed
1877 1729 2325 1793 ceremonialem
2355 1752 2462 1788 un-

272 1901 278 1905 ,
340 1830 594 1888 ctionem
617 1874 632 1904 7
660 1850 839 1911 quam
867 1828 1193 1894 devotionis
1224 1851 1393 1890 causa
1421 1829 1800 1912 frequentant
1821 1828 1927 1909 (5).
1961 1830 2116 1887 Dum
2144 1848 2283 1890 vero
2311 1824 2462 1885 dixi-

370 2046 373 2050 .
410 2006 477 2070 (1)
513 2007 613 2057 Csr.
640 2007 882 2058 Benedict.
901 2024 977 2058 x1v
1015 2046 1029 2071 7
1054 2009 1148 2059 loc.
1176 2007 1371 2077 cit.§6,

330 2143 332 2145 ,
410 2090 478 2154 (2)
514 2091 614 2141 cfr.
651 2091 850 2141 Marten.
883 2091 978 2141 loc.
1019 2094 1100 2141 cit.
1135 2101 1222 2140 art.
1253 2109 1285 2140 1.

412 2172 477 2236 (3)
515 2173 721 2221 Unicum
738 2173 1003 2238 exemplum
1022 2211 1035 2234 7
1057 2174 1182 2239 quod
1199 2174 1372 2238 profert

343 2255 600 2304 Martenius
614 2256 707 2304 loc.
722 2257 803 2305 cit.
821 2256 880 2305 de
894 2256 1119 2305 Extrema
1133 2256 1370 2307 Unctione

344 2340 467 2386 sanis
487 2338 651 2393 collata
672 2376 686 2399 7
710 2350 777 2388 est
802 2339 861 2388 de
882 2339 1035 2389 Odilia
1066 2343 1247 2389 comitis
1272 2340 1367 2390 He-

344 2414 552 2468 rimanni
567 2431 611 2470 et
629 2421 867 2470 Mathildis
883 2459 897 2482 7
931 2439 1035 2488 quae
1061 2440 1170 2472 cum
1190 2424 1302 2472 feria
1317 2439 1368 2472 1v

344 2511 453 2550 ante
495 2503 697 2573 pascha,
744 2514 797 2552 ut
835 2503 1004 2568 legitur
1038 2507 1090 2553 in
1127 2504 1367 2555 Chronico

350 2585 409 2632 V
403 2583 679 2646 irdunensi7
697 2604 802 2651 pag.
824 2584 937 2651 1677
955 2588 1014 2635 ad
1030 2586 1078 2635 S.
1095 2587 1254 2636 Vitoni
1270 2605 1371 2636 mo-

347 2668 601 2714 nasterium
644 2680 765 2715 sana·
786 2679 831 2717 et
861 2671 1040 2734 integra
1075 2672 1368 2733 accessisset,

348 2766 375 2794 a
410 2746 640 2796 Richardo
683 2747 864 2799 Abbate
890 2755 1168 2815 -praemonita
1207 2753 1266 2801 de
1290 2754 1368 2802 fu-

348 2841 450 2888 tura
484 2833 695 2896 sequenti
723 2830 801 2878 die
838 2834 937 2898 ejus
973 2843 1119 2881 morte
1142 2871 1155 2894 7
1195 2834 1254 2882 ab
1289 2852 1369 2883 eo-

351 2912 458 2960 dem
479 2910 658 2960 Abbate
675 2913 857 2978 liquore
885 2916 1030 2962 sancti
1052 2913 1140 2963 olei
1158 2917 1370 2976 inuncta,

352 3004 505 3059 postea
528 3031 542 3054 7
561 3004 612 3042 ut
626 2995 899 3059 praedictum
915 2996 1061 3045 fuerat
1079 3035 1092 3055 7
1109 2999 1202 3045 vita
1217 2998 1375 3046 functa

352 3085 438 3125 est.
478 3075 560 3124 Ast
588 3079 693 3142 quis
716 3094 814 3126 non
830 3079 1014 3143 videat,
1049 3079 1226 3128 factum
1252 3081 1378 3129 istud

353 3174 449 3206 esse
482 3175 667 3223 prorsus
703 3161 1155 3223 extraordinarium,
1204 3181 1290 3213 nec
1330 3165 1380 3210 in

353 3241 619 3305 exemplum
633 3242 910 3292 trahendum
935 3247 959 3291 ’ἶ
991 3243 1096 3291 Dici
1126 3247 1263 3294 etiam
1286 3263 1382 3295 non

354 3324 607 3386 incongrue
621 3334 793 3389 potest,
821 3344 918 3387 eos7
945 3328 1149 3392 quisunt
1162 3328 1383 3377 divinitus
1414 3345 1417 3347 ’

352 3403 582 3464 ‚admoniti
615 3407 672 3455 de
692 3410 893 3457 instante
913 3409 999 3457 sibi
1032 3411 1219 3468 interitu
1244 3446 1258 3469 7
1285 3413 1382 3476 jam

357 3499 456 3536 tum
482 3488 669 3551 coepisse
707 3492 912 3540 interiori
944 3491 1106 3541 morbo
1133 3492 1338 3541 laborare
1356 3531 1370 3553 7

355 3567 482 3633 quod
512 3584 631 3633 saepe
650 3572 855 3622 accidere
873 3574 988 3623 solet
1007 3613 1020 3635 7
1049 3573 1133 3625 etsi
1156 3577 1206 3623 in
1224 3577 1372 3640 specie

356 3650 559 3700 valerent
585 3688 598 3711 7
636 3652 832 3719 ideoque
864 3669 1110 3720 perunctos
1131 3659 1269 3709 fuisse
1291 3675 1371 3707 eo·

1457 2011 1566 2059 dem
1592 2027 1777 2076 prorsus
1808 2012 1939 2079 jure,
1972 2026 2066 2076 quo
2089 2025 2218 2057 senes
2236 2009 2467 2073 inungen-

1455 2093 1539 2141 dos
1585 2110 1693 2141 mox
1731 2092 1940 2141 dicemus
1980 2093 2031 2139 in
2065 2091 2293 2155 decrepita
2333 2098 2466 2136 aetate

1449 2178 1550 2240 J‘am
1590 2177 1879 2223 constitutos.
1915 2173 2018 2221 Alia
2048 2172 2254 2236 exempla
2291 2170 2467 2235 profert

1451 2257 1627 2305 Bened.
1647 2274 1740 2316 xiv,
1763 2257 1854 2304 loc.
1875 2257 1954 2304 cit.
1981 2271 2086 2319 cap.
2111 2251 2162 2315 5,
2186 2251 2279 2318 §27
2298 2252 2471 2318 quibus

1451 2339 1610 2388 eadem
1639 2339 1780 2387 debet
1808 2340 1956 2403 aptari
1980 2338 2238 2402 responsio.

1517 2422 1590 2485 (lo)
1626 2420 1730 2486 Ipsa
1759 2423 1886 2469 enim
1913 2430 2122 2468 senectus
2156 2428 2224 2467 est
2254 2416 2470 2478 morbus,

1450 2503 1668 2570 idemque
1684 2521 1737 2551 00
1752 2505 1930 2569 gravior
1953 2508 2000 2551 et
2017 2500 2320 2550 insanabilior
2334 2536 2351 2562 7
2375 2517 2472 2567 quo

1452 2588 1596 2650 magis
1623 2596 1819 2634 mortem
1848 2584 2113 2651 propediem
2135 2582 2371 2633 allaturus.
2393 2583 2474 2632 Se-

1453 2686 1536 2717 nes
1576 2671 1701 2717 enim
1741 2668 1995 2717 identidem
2021 2669 2282 2716 moriuntur
2298 2703 2313 2727 7
2350 2667 2477 2713 sicut

1454 2768 1545 2799 sua
1564 2759 1725 2817 sponte
1742 2748 1880 2797 nulla
1909 2748 2127 2797 adhibita
2141 2750 2195 2796 vi
2217 2763 2474 2811 consump-

1454 2841 1531 2882 tus
1560 2835 1692 2897 iquis
1722 2833 2028 2896 extinquitur
2046 2868 2059 2890 7
2081 2836 2136 2898 ut
2153 2830 2361 2895 loquitur
2377 2829 2475 2876 Tu-

1456 2916 1565 2975 lius,
1588 2913 1668 2962 De
1683 2914 1871 2962 Senect.
1891 2931 1994 2978 cap.
2011 2928 2094 2973 207
2118 2920 2163 2959 et
2178 2912 2320 2976 quasi
2328 2927 2477 2977 poma

1459 3013 1518 3044 ea:
1532 2996 1839 3044 arboribus...
1858 2997 1905 3043 si
1921 3003 2035 3043 eum
2051 3003 2242 3042 matura
2258 3002 2302 3041 et
2319 3003 2450 3041 cocta
2463 3031 2476 3053 ‚

1463 3077 1694 3126 decidunt
1711 3116 1724 3138 7
1763 3079 1835 3125 sic
1877 3077 2071 3126 senibus
2126 3078 2278 3123 vitam
2323 3076 2484 3141 aufert

1464 3162 1739 3209 meaturitas.
1775 3160 1858 3209 His
1891 3170 2127 3226 propterea
2165 3159 2349 3207 salutari
2384 3158 2481 3207 Un-

1466 3246 1616 3291 ctione
1632 3242 1973 3291 consulendum
1996 3260 2092 3290 esse
2111 3244 2215 3307 jure
2233 3244 2408 3307 optimo
2423 3244 2483 3289 ri-

1468 3326 1614 3385 tuales
1645 3326 1789 3385 libri,
1821 3336 1865 3374 et
1898 3327 1946 3372 in
1975 3325 2047 3372 his
2073 3325 2311 3373 Romanus
2331 3323 2389 3390 ‚S
2412 3342 2437 3391 7
2463 3356 2481 3383 ‚

1469 3420 1514 3458 ct
1539 3410 1606 3455 vir
1620 3410 1928 3456 sanctissimus
1948 3407 2140 3456 Carolus
2168 3408 2452 3456 Borromaeus
2468 3441 2481 3464 7

1458 3495 1509 3540 in
1537 3492 1681 3539 Cone.
1718 3489 2061 3551 Mediolan.1v7
2082 3495 2150 3540 tit.
2169 3507 2212 3540 vl
2233 3528 2247 3552 7
2269 3490 2326 3539 de
2350 3488 2480 3537 Extr.

1458 3575 1596 3623 Unct.
1614 3576 1925 3622 constituunt.

1524 3658 1594 3722 (5)
1630 3658 1906 3724 Perpetuite
1942 3658 1999 3706 dc
2049 3656 2097 3705 la
2120 3659 2222 3722 soi,
2267 3665 2382 3705 tom.
2427 3673 2484 3715 v,
