2540 4120
485 249 609 286 cu».
655 246 740 284 111.
783 247 852 283 nn
894 245 1268 284 EPISCOPORUM
1310 245 1712 283 Priamum-n.
2050 221 2160 280 121

63 388 373 451 Alexandr.
416 400 475 449 et
508 388 788 466 Origenes
827 408 898 447 ex
938 388 1182 462 Graec'iS‚
1221 385 1609 445 Tertullianus
1643 395 1701 444 et
1733 383 2056 466 Cyprianus
2092 405 2165 443 ex

62 485 299 544 Latinis.
330 485 478 542 Nam
505 482 774 542 Clemens
794 527 810 556 ,
837 483 1207 541 Stromatum
1241 480 1341 540 lib.
1375 483 1449 540 VI
1467 527 1482 554 .,
1508 478 1706 539 scribit
1731 503 1744 538 ε
1784 480 1863 539 In
1894 481 2167 540 Ecclesia

60 591 204 640 sunt
233 581 667 660 prom-essiones
701 578 1137 656 Episcoporum
1160 619 1182 647 ,
1236 577 1738 655 Presbyterorum
1771 586 1827 634 et
1865 577 2167 634 Diacono-

62 697 206 734 rum
230 674 338 754 (1).
367 673 641 751 Origenes
672 672 1040 746 ver0,Hom.
1070 670 1173 729 XI
1196 677 1266 728 in
1299 672 1520 729 Jerem.
1553 670 1780 729 scribit:
1824 671 1978 730 Plus
2008 693 2047 730 a
2077 691 2169 728 me

66 771 89 849 (
113 768 503 852 presbytero)
536 771 802 847 eoei‘yitur
827 787 1011 845 quam
1036 781 1082 822 a·
1112 766 1416 834 Diacono,
1447 767 1589 843 plus
1621 788 1662 824 a
1687 768 1954 825 Diacono
1982 787 2170 845 quam

63 889 103 926 a
145 867 318 923 laico,
362 864 483 942 Qui
513 883 645 920 vero
672 864 848 920 totius
883 861 1166 920 Ecclesioe
1198 880 1398 917 arcem
1425 860 1673 931 obtinet,
1698 881 1815 937 pro
1854 864 2025 919 omni
2049 862 2170 920 Ec·

63 962 240 1018 clesia
264 959 464 1016 reddet
490 962 783 1016 rationem
807 955 914 1034 (2).
943 957 1193 1013 Demum
1221 955 1276 1012 S.
1301 953 1627 1034 Cyprianus
1648 999 1663 1028 ,
1684 955 1886 1032 Epist.
1914 956 2033 1015 XX
2044 956 2138 1017 VI
2148 981 2168 1014 .·

63 1057 361 1115 Dominus
403 1063 637 1123 noster,
677 1049 913 1125 scribit,
953 1053 1131 1127 cujus
1162 1059 1464 1128 proecepta
1501 1059 1558 1106 et
1597 1053 1825 1107 monita
1865 1051 2173 1110 observare

64 1151 371 1218 debemus,
398 1149 690 1226 Episcopi
707 1145 984 1203 honorem
998 1154 1054 1203 et
1069 1145 1352 1203 Ecclesioe
1374 1165 1499 1202 succ
1515 1146 1810 1203 rationem
1833 1146 2174 1223 disponens,

66 1249 145 1303 in
162 1243 487 1322 Evangelio
507 1242 779 1318 loquitur
807 1249 860 1296 et
892 1240 1046 1297 dicit¹
1067 1240 1318 1298 Petr0...
1359 1239 1489 1318 qu
1526 1239 1656 1297 dico
1685 1240 1825 1308 tibi,
1855 1244 2006 1318 quia
2032 1251 2095 1299 tu
2117 1261 2175 1299 es

66 1345 313 1407 Petrus,
352 1347 452 1395 etc.
494 1336 644 1395 Inde
675 1355 792 1414 per
829 1344 1163 1413 temporum
1191 1344 1246 1392 et
1273 1337 1708 1393 successionum
1741 1338 1890 1393 vices
1920 1338 2176 1414 Episco-

57 1453 284 1513 porum
323 1431 627 1489 ordinatio
665 1439 721 1488 et
751 1428 1033 1489 Ecclesioe
1066 1431 1224 1487 ratio
1258 1429 1557 1497 decurrit,
1594 1439 1663 1486 ut
1689 1429 1959 1488 Ecclesia
1994 1451 2181 1509 super

65 1529 389 1607 Epi-scopos
434 1529 840 1584 constituatur
861 1566 883 1594 ,
935 1533 990 1581 et
1028 1527 1223 1582 omnis
1268 1534 1439 1582 actus
1483 1522 1766 1583 Ecclesioe
1797 1545 1915 1603 per
1949 1525 2177 1583 eosdem

54 1626 405 1703 proepositos
424 1621 815 1701 quhernetur.
862 1618 1016 1678 Cum
1054 1618 1159 1677 lioc
1197 1622 1403 1697 itaque
1448 1619 1659 1676 divina
1690 1620 1806 1698 leqe
1831 1619 2173 1696 fundatum

67 1722 175 1787 sit,
205 1729 315 1777 etc.
352 1715 467 1795 (3).

152 1813 249 1872 98.
295 1811 716 1872 Testimonium
754 1809 1030 1870 adversus
1071 1810 1306 1869 Ae'rium
1350 1808 1416 1868 4⁰
1446 1808 1762 1891 perhibent
1791 1808 2179 1869 successiones

74 1908 488 1989 Episcoporum
509 1951 524 1980 ,
557 1905 797 1987 ειᾶςυεε
827 1905 1211 1987 antiquissimi
1238 1907 1437 1964 Patres
1461 1905 1755 1964 haereticos
1784 1906 1870 1963 sui
1898 1905 2179 1986 temporis

78 2013 412 2061 constanter
438 2012 777 2083 provocant.
815 2002 1038 2059 Harum
1062 2001 1317 2080 primum
1343 2001 1766 2059 documentum
1792 1998 2034 2059 exhibet
2060 2002 2182 2059 He·

80 2099 351 2178 gesippus
383 2096 541 2178 apud
573 2096 883 2155 Eusebium
906 2141 921 2169 ,
961 2094 1061 2153 ubi
1080 2106 1343 2154 recenset
1365 2095 1748 2154 successiones
1779 2094 2039 2154 Ecclesiae
2064 2094 2183 2154 Co-

79 2191 403 2267 rinthiacae,
431 2193 572 2250 item
599 2193 869 2249 Romanae
893 2201 952 2249 et
972 2189 1506 2269 Hierosolymitanae
1525 2189 1634 2270 (4).
1658 2189 1990 2249 Secundum
2014 2189 2183 2249 exhi-

81 2286 183 2346 bet
201 2289 255 2345 S.
287 2287 567 2360 IrenaeUS,
592 2286 689 2368 qui
714 2285 817 2345 lib.
850 2287 928 2345 111
951 2330 966 2359 ,
993 2306 1119 2366 cap.
1144 2285 1179 2344 3
1197 2331 1213 2358 ,
1244 2286 1583 2355 Habemus,
1612 2287 1837 2367 inquit,
1864 2307 2185 2345 numerare

79 2404 196 2455 eos,
219 2388 328 2462 qui
354 2385 433 2442 ab
462 2387 751 2463 Apostolis
774 2386 1040 2441 instituti
1058 2394 1200 2443 sunt
1220 2383 1512 2463 Episcopi
1532 2387 1598 2442 in
1626 2385 1909 2443 Ecclesiis
1922 2427 1946 2455 ,
1976 2394 2032 2441 et
2046 2405 2185 2442 suc-

83 2497 321 2536 cessores
352 2499 557 2536 eorum
597 2499 780 2556 usque
818 2479 905 2536 ad
939 2484 1043 2537 nos
1056 2499 1076 2546 ,·
1111 2489 1285 2559 atque
1327 2477 1665 2537 immediate
1704 2477 1932 2555 subjicit
1969 2480 2185 2536 Roma-

88 2592 298 2629 norum
335 2572 679 2629 Pontificum
709 2563 1129 2631 successionem
1162 2594 1193 2629 a
1229 2575 1398 2631 Petro
1428 2594 1611 2652 usque
1648 2572 1722 2630 ad
1750 2571 2144 2631 Eleutherium
2166 2617 2182 2646 .,

88 2666 185 2745 qui
212 2677 350 2723 tunc
377 2665 654 2745 temporis
669 2663 800 2744 (sub
817 2666 995 2725 finem
1020 2687 1130 2740 sec.
1157 2665 1246 2746 II)
1270 2665 1612 2725 duodecimo
1637 2667 1760 2725 loco
1776 2667 2187 2748 Episcopatum

87 2780 118 2816 a
144 2760 198 2817 S.
221 2762 389 2819 Petro
423 2758 695 2818 habebat.
726 2760 984 2818 Tertium
1015 2759 1252 2820 exhibet
1279 2760 1666 2820 Tertullianus
1695 2762 1759 2819 in
1779 2760 1883 2820 lib.
1909 2763 2001 2822 De
2024 2763 2189 2822 Proe·

86 2858 289 2933 script.
328 2855 407 2912 sic
434 2853 731 2912 haereticos
755 2853 1038 2913 lacessens
1074 2877 1086 2912 :
1123 2855 1336 2914 Edant
1355 2877 1486 2936 erqo
1510 2860 1771 2936 oriqines
1804 2859 2189 2917 ecclesiarum

87 2971 377 3021 suarum,
419 2951 687 3008 evolvant
728 2951 999 3009 ordinem
1031 2950 1471 3031 Episcoporum
1502 2972 1744 3010 suorum
1758 2995 1779 3024 ,
1808 2956 1896 3011 ita
1920 2973 2033 3032 per
2051 2973 2188 3011 suc-

159 3127 226 3192 (l)
261 3128 433 3178 Strom.
475 3129 562 3180 lib.
604 3146 681 3189 vi,
716 3147 814 3195 cap.
855 3131 941 3188 13,
974 3130 1089 3180 edit.
1175 3123 1280 3190 κῆν,
1319 3127 1390 3180 ἐπὶ
1425 3131 1574 3180 πλεῖον
1618 3132 1902 3181 ἐπαιτεῖται.
1940 3149 1986 3179 n.
2022 3130 2051 3178 3
2078 3130 2189 3179 edit.

92 3208 461 3270 Potteri,Venet.
488 3210 630 3278 1757,
656 3212 748 3262 vol.
767 3228 796 3259 2
813 3249 825 3271 ‚
850 3229 952 3277 pag.
972 3213 1092 3279 793.
1175 3212 1327 3261 Maur.
1354 3229 1462 3277 opp.
1492 3219 1609 3261 tom.
1643 3228 1697 3260 ιιι
1727 3231 1830 3277 pag.
1865 3210 1976 3277 189.
2012 3209 2107 3258 cfr.
2138 3214 2189 3258 in

93 3288 226 3340 Koara*
268 3289 345 3346 *ἢν
386 3292 624 3348 {nnana-lou
661 3290 879 3359 προκοπαὶ
915 3293 1096 3343 ἔπιε-κέ·
1175 3294 1304 3342 huno
1332 3294 1424 3342 loc.
1465 3295 1672 3343 adnotat.
1697 3294 1766 3342 De
1796 3294 1836 3341 la
1852 3293 1970 3340 Rue.

92 3394 204 3435 πων,
236 3372 527 3442 πρεσβυτέρων
546 3414 560 3438 ,
594 3372 798 3425 &laninam
833 3373 947 3438 (εἶσὶ
959 3378 992 3440 ).
1245 3374 1315 3439 (3)
1353 3375 1452 3422 Alia
1471 3377 1714 3422 innumera
1743 3391 1884 3438 prope
1911 3373 2191 3424 documenta

158 3455 220 3517 (2)
258 3456 412 3504 Πλεῒον
447 3455 531 3516 ἕγῶ
557 3459 840 3520 ἐπαινοῦμαι
876 3454 1002 3523 πειραὶ
1023 3455 1095 3507 τὶν
1179 3458 1265 3506 cfr.
1303 3458 1426 3522 apud
1457 3456 1666 3505 Natalem
1695 3454 1826 3517 Αἰωε.Ι
1851 3454 2056 3506 Dissert.
2088 3474 2191 3506 xuv

94 3533 321 3598 διάκονον,
360 3538 509 3587 πλεῖον
548 3541 569 3588 ο·
613 3537 819 3592 διάκονος
864 3536 988 3605 παρά
1024 3538 1094 3589 τᾶν
1179 3542 1232 3588 in
1259 3555 1348 3587 sec.
1379 3557 1455 3599 iv,
1477 3548 1519 3587 et
1553 3538 1675 3602 apud
1693 3537 1890 3587 Witasse
1910 3549 2076 3599 ,trech
2109 3541 2189 3588 cit.

93 3617 260 3666 λα’ἱκὲν·
289 3620 308 3666 ὅ
337 3615 391 3667 δὲ
423 3614 502 3667 ‘nir
534 3617 702 3668 noina»
731 3622 848 3683 ἤμὸν
887 3622 1099 3683 ε’γκσχει-
1179 3641 1229 3687 p.
1263 3638 1321 3681 11,
1348 3630 1458 3669 sect.
1489 3635 1572 3677 111,
1600 3629 1685 3667 art.
1729 3635 1771 3680 1,
1797 3637 1902 3685 cap.
1938 3636 1957 3668 1
1989 3630 2034 3669 et
2058 3637 2190 3685 seqq.

94 3698 290 3763 μισ-μένος
326 3697 467 3767 ςὶρχῆν
506 3698 636 3757 ariri»
664 3698 741 3757 τὼ
776 3703 1099 3757 {nnana-eaere-
1253 3702 1321 3765 (4)
1360 3701 1500 3748 Hist.
1528 3698 1643 3748 eccl.
1662 3699 1746 3748 lib.
1776 3717 1842 3765 lv,
1877 3717 1979 3767 cap.
2004 3699 2096 3750 5et
2109 3715 2189 3749 22.
