2508 4120
506 199 627 236 car.
673 200 713 234 1.
762 199 829 234 nn
871 198 1220 236 marnimonio
1261 200 1321 237 nv
1366 199 1428 236 sn
1470 198 1755 237 SPEGTATO.
1850 247 1853 253 1
2053 177 2170 236 211

86 338 574 421 nuncupaverint.
613 339 824 397 Contra
847 359 986 398 vero
1011 338 1341 418 conjugium
1365 338 1821 398 Christianorum
1844 337 2175 398 Sacramen-

85 449 216 496 tum
242 438 436 494 Patres
472 434 744 493 dixerunt
772 435 995 493 ratione
1029 445 1156 492 tum
1190 434 1338 513 signi
1375 444 1503 492 tum
1542 433 1770 512 gratiae‚
1803 453 1978 515 quam
2003 433 2175 512 signi·

83 533 216 590 fieat
254 542 311 589 et
349 530 570 589 confert
609 528 683 587 ad
718 528 978 587 fidelium
1021 528 1301 587 unionem
1331 527 1837 603 sanctificandam,
1875 538 1939 587 ut
1979 540 2176 589 osten-

83 626 298 685 dimus,
336 626 547 683 Verum
572 622 644 681 de
673 624 928 701 Launojo
955 631 1170 703 postea.

174 722 267 779 18.
311 720 399 780 Ad
426 719 510 777 [ιω
531 765 546 793 .,
572 719 722 799 Ney.
755 720 1173 798 Argumentum
1200 714 1390 788 enim,
1424 714 1581 795 quod
1601 714 1830 774 ducitur
1842 737 1913 775 ex
1945 719 2183 777 Patrum

90 815 298 896 agendi
319 815 541 873 ratione
564 813 837 874 adversus
860 811 1183 885 haereticos,
1208 820 1412 890 utpote
1434 810 1768 888 negativum
1787 855 1802 880 .,
1828 810 2002 891 plane
2025 834 2186 874 ever-

87 913 230 970 titur
264 931 335 968 ex
373 909 632 991 positivis
659 904 1053 977 documentiS,
1086 925 1215 985 quae
1247 903 1593 961 adduximus
1615 948 1632 977 ,
1682 906 2003 985 praesertim
2043 928 2183 967 vero

83 1026 157 1065 ex
192 1016 474 1086 perpetuo
511 1024 577 1061 ac
613 1001 901 1060 constanti
936 998 1307 1059 ecclesiarum
1338 1018 1656 1073 consensu,
1692 998 1849 1078 quod
1885 999 2057 1080 plane
2088 1001 2184 1059 in-

85 1101 307 1160 victum
344 1110 461 1173 est3
495 1095 653 1154 nulla
692 1096 851 1154 enim
888 1096 1048 1152 mirae
1083 1092 1256 1170 hujus
1285 1093 1676 1151 consensionis
1706 1093 1767 1150 in
1799 1094 2105 1153 retinenda
2129 1106 2189 1154 et

88 1192 395 1253 asserenda
432 1192 670 1252 veritate
717 1190 888 1266 hujus
934 1188 1291 1246 Sacrameuti
1330 1187 1475 1245 ratio
1516 1186 1791 1265 assignari
1841 1198 2074 1268 potest,
2122 1199 2189 1247 ut

90 1310 240 1370 saepe
283 1286 649 1359 monuimus,
701 1295 912 1365 praeter
953 1283 1215 1341 divinam
1257 1293 1316 1340 et
1364 1280 1735 1363 apostolicam
1786 1282 2184 1343 traditionem.

91 1381 417 1442 Nestoriani
449 1380 709 1461 profecto
734 1390 792 1437 et
824 1377 1193 1459 Eutychiani,
1224 1377 1326 1458 qui
1352 1398 1384 1434 a
1413 1376 1604 1435 seculo
1633 1377 1677 1434 V
1714 1375 1788 1434 ab
1815 1377 2062 1436 Ecclesia
2095 1400 2193 1438 ca-

87 1476 299 1536 tholica
324 1475 574 1556 separati
595 1485 762 1546 sunt,
786 1473 1020 1531 nonnisi
1035 1471 1108 1530 ab
1125 1472 1329 1530 eadem
1351 1470 1590 1530 Ecclesia
1618 1471 1834 1531 discere
1850 1483 2190 1552 potuerunt,

84 1571 522 1630 Matrimonium
542 1589 663 1628 esse
687 1570 1124 1627 Sacramentum
1151 1587 1288 1625 vere
1313 1577 1373 1624 et
1396 1567 1628 1646 proprie
1654 1565 1890 1624 dictum.
1917 1567 2191 1627 Ceterum

84 1663 282 1722 Patres
302 1685 538 1744 operam
556 1661 947 1744 perdidissent
973 1662 1032 1718 in
1052 1659 1406 1718 adstruenda
1423 1659 1826 1718 sacramentali
1851 1661 2194 1742 nuptiarum

88 1758 369 1838 dignitate
400 1757 674 1817 adversus
693 1778 788 1816 eos
805 1802 823 1833 ,
855 1758 954 1837 qui
969 1755 1205 1838 nuptias
1234 1766 1301 1812 ut
1327 1755 1584 1835 impuras
1605 1766 1710 1814 eta
1731 1755 1883 1814 malo
1906 1756 2196 1838 principio

91 1852 350 1912 invectas
375 1851 775 1911 traducebant.
817 1850 985 1924 Quod
1009 1871 1146 1909 vero
1172 1860 1395 1931 spectat
1430 1849 1506 1907 ad
1532 1850 1906 1909 Jovinianum
1930 1896 1945 1925 .,
1985 1851 2194 1910 obser-

90 1968 227 2007 vare
258 1947 512 2024 juverit,
547 1946 729 2027 ipsius
762 1947 1141 2027 quaestionem
1171 1967 1291 2003 non
1325 1945 1578 2022 attigisse
1620 1947 1855 2024 praecise
1886 1947 2192 2005 Matrimo-

89 2042 295 2116 nium,
331 2041 433 2100 sed
468 2043 659 2122 potius
695 2053 915 2101 statum
956 2039 1315 2118 conjugalem
1337 2084 1353 2113 s
1396 2060 1571 2120 quem
1613 2043 1803 2098 statui
1837 2061 1936 2098 seu
1969 2041 2195 2121 profes—

88 2136 235 2194 sioni
282 2137 623 2215 virginitatis
674 2147 734 2194 et
792 2136 1168 2194 continentiae
1231 2133 1594 2214 praeferebat.
1657 2133 1830 2192 Nulla
1883 2147 2194 2216 propterea

88 2232 395 2307 necessitas
424 2231 533 2312 ipsi
560 2230 942 2289 incumbebat
964 2276 979 2304 .,
1022 2229 1095 2288 ad
1130 2250 1360 2288 causam
1388 2250 1551 2287 suam
1578 2230 2062 2310 propugnandam
2081 2277 2097 2306 .‚
2128 2243 2193 2290 ut

89 2338 319 2405 urgeret
346 2326 734 2387 elevationem
770 2325 1110 2408 nuptiarum
1145 2325 1222 2383 ad
1256 2324 1601 2403 dignitatem
1635 2325 2010 2384 Sacramenti.

177 2422 271 2479 19.
315 2423 458 2478 Inst.
503 2423 677 2500 Atqui
710 2442 819 2479 nec
844 2422 980 2479 satis
1001 2432 1274 2479 constans
1298 2430 1381 2478 est
1408 2418 1666 2476 Ecclesiae
1694 2418 1944 2476 traditio.
1975 2421 2037 2476 1⁰
2059 2421 2196 2478 Ete-

92 2515 217 2572 nim
254 2536 376 2572 non
412 2513 727 2572 defuerunt
763 2516 884 2573 sive
922 2536 994 2572 ex
1039 2515 1354 2572 canonistis
1400 2512 1521 2569 sive
1564 2510 2050 2586 exscholasticis,
2096 2514 2197 2594 qui

96 2619 295 2688 aperte
324 2609 667 2686 negaverint
714 2619 847 2688 post
877 2608 1217 2684 Magistrum
1253 2605 1719 2678 Sententiarum,
1750 2627 1857 2686 per
1895 2607 2196 2665 Matrimo-

94 2703 257 2760 nium
292 2704 535 2782 gratiam
563 2703 848 2775 conferri,
888 2701 1099 2781 quibus
1123 2701 1435 2758 assentitur
1475 2702 1648 2761 Vetus
1672 2702 1895 2779 ylowe»,
1922 2722 2050 2782 cap.
2079 2704 2202 2761 Ho·

96 2808 430 2868 morantur,
467 2816 591 2877 quae
617 2796 825 2869 tradit,
854 2795 1292 2854 Matrimonium
1317 2796 1651 2853 institutum
1676 2806 1906 2856 tantum
1930 2797 2103 2857 fuisse
2128 2802 2197 2856 in

97 2893 424 2950 remedium
455 2899 699 2971 peccati.
744 2892 812 2948 20
848 2891 903 2948 S.
929 2890 1178 2948 Thomas
1221 2902 1421 2948 autem
1466 2889 1590 2949 dari
1623 2913 1727 2971 per
1763 2892 2199 2951 Matrimonium

100 2987 340 3064 gratiam
364 2997 694 3068 propugnat
728 2986 916 3046 solum
954 2997 1020 3043 ut
1050 2987 1436 3064 probabilius
1477 2986 1588 3065 (l).
1632 2986 1697 3044 30
1728 2988 1942 3046 Eadem
1976 2991 2201 3048 ratione

102 3101 164 3138 se
190 3101 250 3138 se
285 3094 584 3160 gesserunt
605 3085 805 3140 Scotus
826 3126 843 3155 ,
871 3083 1276 3141 Bonaventura
1302 3125 1317 3153 ,
1362 3079 1689 3139 Paludanus
1707 3125 1724 3154 ‚
1754 3081 2061 3140 Durandus
2082 3126 2098 3155 ,
2126 3081 2202 3141 de

106 3172 314 3254 quibus
347 3187 406 3234 et
433 3175 506 3234 de
533 3176 767 3257 reliquis
802 3174 1008 3235 scholae
1032 3176 1331 3253 Theologis
1364 3174 1639 3234 Melchior
1662 3175 1852 3234 Canus
1884 3176 2205 3234 universim

106 3270 484 3346 pronunciat:
515 3276 661 3328 Cum
678 3281 965 3349 quoerunt
976 3313 997 3340 ,
1016 3293 1097 3328 an
1119 3272 1588 3330 ,Matrimonium
1614 3274 1877 3347 conferat
1901 3274 2168 3348 qratiam
2186 3318 2205 3339 ‚

109 3364 178 3420 id
212 3365 371 3441 quod
403 3385 462 3422 eo
493 3367 608 3424 loco
633 3355 896 3424 mamime
913 3366 1257 3443 finiendum
1300 3376 1468 3437 erat,
1507 3386 1627 3423 non
1654 3365 1947 3443 definiunt
1972 3375 2206 3434 tamem·

106 3459 209 3516 sed
228 3461 296 3516 in
326 3459 420 3516 lais
446 3463 746 3538 referunt,
786 3481 916 3539 quoe
942 3464 1012 3518 in
1047 3460 1358 3520 hominum
1391 3465 1663 3541 opinione
1691 3471 1832 3517 sum
1860 3464 2061 3539 posita
2092 3459 2200 3540 (2).

177 3617 239 3680 (l)
276 3614 524 3683 Supplem.
555 3635 601 3683 q.
641 3633 727 3665 xm
750 3653 763 3676 ,
793 3626 878 3665 art.
911 3616 963 3665 3.
1202 3633 1303 3682 pag.
1335 3612 1464 3678 245,
1498 3614 1608 3663 edit.
1643 3612 1807 3664 Colon.
1839 3611 1984 3683 1585.

181 3697 248 3762 (2)
288 3697 364 3745 De
421 3697 534 3747 Iocis
595 3696 790 3763 theoloq.
859 3697 944 3748 lib.
994 3713 1117 3760 vm,
1865 3758 1951 3817 14¹
