2612 4146
752 241 822 278 nn
864 239 1368 280 mnumnurmnuu
1409 240 1666 278 nrrnoru.
2191 222 2263 280 19

239 383 339 443 38.
389 381 474 442 Ad
508 382 625 456 8¹1¹,
658 381 811 462 Neq.
856 381 968 442 Sed
996 387 1128 461 jure
1168 382 1364 464 potius
1395 381 1750 440 affirmamus
1773 424 1790 455 ,
1818 384 1989 458 juxta
2022 403 2089 441 ea
2129 404 2259 464 quae

156 477 438 555 diximuS,
464 498 588 538 esse
616 476 1009 558 Indulgentias
1047 476 1466 559 redemptionis
1495 477 1841 537 extensivaS.

238 573 336 631 39.
386 572 472 631 Ad
512 573 628 644 9¹1²,
668 572 819 652 Neq.
864 574 997 632 Haec
1036 573 1253 632 iterum
1286 571 1579 631 calumnia
1619 582 1742 646 est,
1784 591 1919 652 quae
1964 592 2036 631 ex
2083 594 2267 654 expe-

155 668 361 726 rientia
388 666 742 728 dissolvitur.
773 668 942 726 Certe
972 668 1070 748 qui
1103 667 1226 726 haec
1250 665 1420 724 nobis
1447 664 1645 744 oincit
1667 712 1683 740 ,
1713 666 1927 748 quique
1953 679 2263 749 propterea

155 784 187 820 a
220 761 510 820 lucrandis
552 761 936 841 Indulgentiis
968 761 1195 821 alienus
1231 771 1359 819 erat
1379 804 1395 833 .,
1449 780 1572 818 non
1616 782 1678 820 se
1720 759 1974 841 praebuit
2001 765 2267 823 omnium

156 857 440 916 virtutum
480 857 798 938 exemplar.
826 858 931 916 Ast
950 854 1109 915 aliud
1139 866 1229 914 est
1256 853 1459 913 stilum
1484 856 1802 915 oratorium
1837 877 2041 918 acuere
2064 904 2081 934 ,
2108 858 2267 918 aliud

155 971 294 1011 vero
329 953 610 1013 virtutem
648 950 963 1011 consectari
991 949 1105 1029 (l).

941 1123 1351 1178 PROPOSITIO
1391 1125 1461 1177 ΙΙ.

158 1255 553 1335 Indulqentioe
574 1254 870 1312 hominem
908 1254 1171 1313 liberant
1191 1276 1231 1313 a
1246 1275 1446 1334 poenoe
1470 1261 1643 1313 reatu
1662 1300 1677 1330 ‚
1708 1276 1829 1314 non
1858 1256 2046 1316 solum
2067 1278 2271 1319 coram

658 1346 960 1423 Ecclesia,
1007 1349 1113 1407 sed
1149 1355 1331 1408 etiam
1375 1370 1578 1409 coram
1619 1350 1766 1409 Deo.

240 1537 338 1597 40.
387 1537 544 1596 Fidei
567 1537 893 1618 proximam
918 1557 1042 1597 esse
1070 1535 1223 1597 hanc
1261 1538 1722 1620 propositionem
1743 1585 1759 1615 ‚
1799 1552 2025 1601 constat
2060 1564 2132 1603 ex
2176 1544 2273 1604 di-

157 1633 335 1695 versis
366 1631 856 1714 propositionibus
890 1646 1132 1693 censura
1158 1633 1407 1707 notatist,
1440 1654 1503 1692 ac
1531 1634 1593 1692 1ο
1622 1657 1693 1694 ex
1723 1646 1831 1695 art.
1865 1637 1997 1695 XIX
2029 1637 2271 1699 Lutheri

156 1749 188 1787 a
222 1729 410 1787 Leone
445 1729 497 1786 X
535 1728 761 1786 confixo
797 1750 813 1786 t
853 1728 1254 1808 Indulqentioe
1293 1728 1385 1787 his
1399 1772 1421 1800 ,
1464 1730 1579 1808 qui
1610 1735 1899 1789 veraciter
1931 1752 2031 1791 eas
2071 1754 2271 1793 conse·-

154 1835 459 1903 quuntur,
497 1844 617 1882 non
649 1823 846 1882 valent
872 1824 958 1882 ad
983 1828 1392 1883 remissionem
1413 1845 1613 1904 poenoe
1628 1830 2024 1905 propeccatis
2057 1832 2271 1889 actua-'-

155 1920 315 1977 libus
338 1919 547 1977 debitae
567 1919 741 1998 apud
753 1920 1030 1978 divinam
1033 1923 1351 1998 justitiam
1367 1918 1490 2000 (2)‚·
1510 1920 1578 1977 20
1596 1941 1666 1979 ex
1691 1941 1930 2003 propos,
1948 1923 2045 1982 XL
2059 1924 2269 2004 synodi

156 2012 514 2071 Pistoriensis
541 2025 831 2073 asserente
861 2035 874 2071 ε
907 2013 1356 2095 Ιπιίιιζφεηίἱαηι
1384 2016 1713 2073 secundum
1742 2037 1918 2074 suam
1942 2021 2271 2096 proecicam

158 2110 448 2165 notionem
489 2109 670 2166 aliud
703 2129 823 2167 non
858 2130 972 2168 esse
1011 2131 1195 2188 quam
1237 2114 1647 2168 remissionem
1676 2116 1884 2190 partis
1916 2120 2045 2191 ejus
2068 2118 2271 2193 poeni-

156 2206 350 2260 tentioe
371 2247 386 2276 ,
426 2224 560 2281 quoe
580 2224 696 2281 per
727 2224 979 2263 canones
1009 2215 1233 2263 statuta
1263 2215 1395 2263 erat
1424 2210 1699 2283 peccanti
1713 2229 1732 2271 ,·
1775 2226 1904 2287 quae
1942 2209 2267 2288 propositio

157 2296 236 2354 sic
277 2295 568 2357 intellecta
598 2319 612 2355 t
642 2303 824 2376 quasi
860 2299 1253 2378 Indulqentia
1280 2344 1296 2372 ,
1325 2311 1555 2379 proeter
1589 2301 1821 2359 nudam
1862 2307 2270 2364 remissionem

149 2411 338 2467 poenoe
377 2395 716 2464 canonicae,
749 2415 869 2452 non
904 2398 1083 2451 etiam
1123 2396 1316 2453 valeat
1343 2396 1430 2452 ad
1455 2400 1865 2454 remissionem
1889 2417 2086 2475 paenoe
2119 2409 2267 2457 tem-

150 2488 382 2564 poralis
398 2508 515 2565 pro
534 2493 798 2566 peccatis
819 2491 1165 2548 actualibus
1192 2491 1403 2548 dehitoe
1430 2491 1604 2568 apud
1624 2491 1903 2548 divinam
1908 2496 2229 2568 justitiam
2244 2536 2269 2566 ,

162 2600 192 2637 a
233 2581 332 2637 Pio
367 2582 477 2652 Vl,
520 2581 583 2638 in
622 2582 820 2640 Const.
860 2586 1179 2642 Auctorem
1224 2586 1399 2662 fidei,
1437 2584 1764 2643 declaratur
1796 2593 1856 2643 et
1889 2585 2271 2666 proscribitur

163 2684 227 2730 ut
255 2674 420 2750 falsa
441 2716 463 2743 ,
502 2680 858 2748 temeraria,
912 2675 1140 2735 Christi
1170 2682 1404 2737 meritis
1443 2682 1745 2756 injuriosa
1797 2701 1869 2738 ac
1915 2681 2151 2740 (ludu-m
2193 2686 2265 2742 in

160 2779 278 2826 art.
320 2771 450 2827 XIX
491 2770 743 2830 Lutheri
785 2773 1097 2832 damnata.
1138 2774 1300 2832 Hanc
1344 2773 1611 2833 eamdem
1652 2773 1981 2834 doctrinam
2013 2774 2269 2857 pseudo-

163 2863 367 2943 synodi
389 2864 659 2924 nonnulli
676 2865 950 2948 Theologi
964 2867 1221 2928 Ecclesiae
1235 2868 1671 2951 perturbatores
1693 2892 1857 2929 suam
1882 2872 2144 2932 fecerunt
2157 2873 2269 2955 (3).

164 3050 214 3101 S.
245 3051 480 3102 Laurentii
509 3064 637 3104 extra
664 3074 821 3106 muros
842 3093 856 3116 ‚
882 3068 973 3107 etc.
1005 3072 1175 3124 nempe
1322 3059 1391 3122 (2)
1417 3059 1553 3125 Apud
1582 3060 1811 3110 Harduin.
1827 3059 1957 3110 Acta
1977 3061 2124 3111 Cone.
2148 3073 2268 3115 tom.

156 3139 567 3201 poenampeccatis
590 3137 797 3187 debitam
814 3143 898 3190 rite
923 3141 1169 3207 dispositis,
1253 3157 1325 3203 ix,
1351 3141 1440 3189 col.
1468 3138 1597 3208 1894
1622 3179 1635 3199 ‚
1662 3142 1745 3191 ubi
1770 3153 1926 3192 tamen
1944 3144 2023 3192 hic
2045 3145 2267 3195 articulus

166 3216 232 3261 uti
252 3219 562 3280 exposuimus.
1253 3225 1445 3287 ponitur
1461 3224 1547 3271 sub
1570 3242 1618 3271 n.
1653 3242 1730 3273 xv.

230 3295 301 3359 (l)
336 3296 483 3362 Quam
505 3302 654 3351 levem
670 3338 683 3362 ‚
702 3304 972 3352 mendacem
990 3322 1045 3353 ac
1067 3321 1171 3369 pes·
1320 3303 1388 3368 (3)
1425 3305 1551 3353 Inter
1568 3306 1654 3354 hos
1668 3308 1843 3355 eminet
1866 3305 2140 3357 Vincentius
2158 3308 2266 3360 Pal-

172 3378 301 3424 simae
326 3377 432 3428 fidei
460 3397 558 3431 nese
597 3384 854 3434 exhibuerit
900 3384 1029 3452 GioJ’a
1058 3386 1175 3434 adeo
1257 3387 1386 3435 mieri
1407 3419 1424 3449 ,
1468 3389 1549 3453 qui
1589 3390 1764 3453 praeivit
1793 3388 1972 3452 synodo
2001 3388 2268 3442 Pistoriensi

170 3456 228 3507 ab
272 3459 521 3510 increduli·
561 3466 913 3516 commendatus
959 3470 1010 3516 in
1055 3484 1175 3516 novo
1256 3470 1308 3516 in
1353 3468 1571 3518 Tramite
1614 3468 2275 3534 ειονίοο-ᾰοφηιαιὶσο-ονίιίοο

170 3555 253 3587 suo
283 3536 473 3590 Galateo
509 3547 702 3615 quisque
727 3549 950 3614 intelliget
982 3551 1064 3615 qui
1100 3564 1177 3598 ve·-
1255 3548 1370 3598 delle
1425 3549 1723 3615 Indulqenze
1744 3587 1758 3610 ‚
1798 3551 1930 3601 Prnto
1985 3552 2128 3622 1787.
2177 3555 2266 3606 Hic

171 3637 272 3669 cors
299 3626 489 3672 omnino
523 3643 619 3675 non
645 3630 718 3678 eit.
749 3629 847 3680 soli
877 3631 1005 3681 stulti
1025 3631 1097 3682 his
1116 3630 1175 3680 li·
1258 3642 1471 3681 tractatus
1490 3667 1508 3694 ‚
1531 3649 1585 3681 ex
1605 3632 1788 3682 decreto
1821 3632 2051 3701 Congreg-
2085 3637 2175 3688 cub
2192 3638 2268 3687 die

171 3700 308 3752 bellis
339 3705 648 3771 decipiuntur.
1260 3714 1317 3762 31
1348 3714 1505 3763 Martii
1527 3709 1656 3778 1788
1680 3714 1927 3779 approbato
1949 3733 1974 3763 a
2005 3717 2087 3768 Pio
2111 3735 2187 3784 vl,
2214 3722 2265 3770 in
