2508 4120
253 68 369 126 420

252 238 348 276 erat
381 247 392 275 :
426 235 538 275 Num
559 231 865 286 quodcumque
898 232 1012 274 inter
1042 231 1313 274 Christianos
1334 233 1581 289 conjugium
1610 235 1724 276 esset
1751 235 2100 287 Sacramentum,
2133 241 2255 292 quod
2279 244 2377 299 sere

257 312 408 344 omnes
422 298 671 342 sentiebant
687 312 697 349 ;
717 311 773 341 an
799 299 910 342 illud
936 299 1078 342 solum
1094 332 1107 352 ,
1124 299 1242 355 quod
1259 300 1503 345 Sacerdotis
1520 301 1867 345 benedictionem
1882 303 2074 358 suscepit
2089 333 2103 354 ,
2133 307 2374 354 secundum

248 368 471 412 Gullielmi
498 366 756 411 parisiensis
777 368 1024 423 opinionem
1041 400 1053 420 ,
1074 381 1168 424 quae
1196 371 1553 425 propugnabatur
1568 383 1594 414 a
1609 371 1780 414 Simone
1806 371 1936 426 Vigor
1950 374 1995 414 et
2008 371 2062 414 ab
2080 371 2186 417 aliis
2199 377 2379 430 paucis.

306 447 419 492 ibid.
441 452 502 491 Ex
518 449 669 493 eodem
685 462 814 505 opere
830 483 843 502 ,
871 451 949 494 lib.
973 454 1060 494 ΧΠ
1081 483 1093 504 ,
1122 463 1217 506 cap.
1248 452 1301 505 8,
1331 465 1375 495 n.
1399 456 1468 496 17.

287 532 366 574 His
381 532 569 586 permoti
588 532 833 575 rationibus
848 535 941 575 tum
962 533 1178 588 Episcopi,
1196 536 1292 576 tum
1306 536 1533 588 Oratores,
1548 538 1644 578 tum
1659 536 1793 579 etiam
1811 535 2131 592 ipsicprincipes
2147 537 2373 581 christiani

249 600 387 642 satius
402 599 674 653 habuerunt,
692 613 802 656 opus
821 614 915 644 esse
931 601 985 644 ad
1001 602 1235 645 efficaciam
1252 605 1516 647 sacramenti
1535 605 1761 660 praesentia
1779 603 1981 658 parochi,
2000 618 2049 648 ex
2079 619 2165 661 quo
2180 607 2375 662 ingentia

248 670 363 732 bona
378 673 422 713 et
434 669 606 713 nullum
622 671 945 714 incommodum
961 685 1213 727 provenere.

304 756 407 808 Pag.
422 755 519 796 262.
541 756 602 796 Ex
621 757 667 797 P.
687 754 827 810 Sarpii
849 754 970 799 Hist.
994 759 1125 800 Cone.
1143 754 1345 800 Trident.
1363 755 1442 799 lib.
1458 758 1573 809 vm,
1594 769 1638 799 n.
1653 758 1722 799 65.

303 836 492 878 Multum
513 848 619 879 ausa
638 840 705 880 est
723 836 979 880 Tridentina
1007 836 1224 894 Synodus,
1246 836 1349 879 dum
1382 839 1614 881 anathema
1633 838 1790 880 indixit
1803 837 2126 892 asserentibus,
2147 840 2372 884 matrimo-

252 905 374 947 nium
402 905 650 960 legitimum
665 918 751 948 non
767 909 1114 949 consummatum
1144 919 1221 961 per
1239 906 1474 951 solemnem
1497 907 1812 963 professionem
1834 907 2078 962 religiosam
2098 920 2377 964 nequaquam

251 973 458 1027 dissolvi,
491 987 627 1029 quum
662 987 811 1018 eorum
833 975 1004 1030 opinio,
1026 976 1062 1018 si
1092 989 1186 1031 quae
1205 975 1373 1027 altera,
1402 976 1637 1019 orthodoxa
1656 977 1729 1018 sit.
1759 976 1928 1019 Etenim
1947 1009 1959 1028 ‚
1985 978 2023 1019 si
2053 977 2378 1021 matrimonium

252 1043 427 1086 omnino
460 1042 700 1098 perfectum
723 1043 938 1102 habeatur
967 1047 1067 1087 ante
1097 1044 1493 1097 cohabitationem,
1519 1049 1563 1088 et
1596 1057 1681 1104 non
1712 1045 1828 1087 sinat
1860 1045 2169 1099 Evangelium‚
2205 1050 2379 1102 excepta

256 1110 464 1154 adulterii
496 1124 655 1164 causa,
689 1115 740 1154 ut
771 1112 958 1157 divortio
986 1114 1207 1167 solvatur,
1240 1126 1366 1156 nemo
1390 1114 1537 1167 videt,
1571 1127 1658 1170 qua
1687 1115 1948 1158 auctoritate
1976 1115 2176 1158 damnari
2211 1115 2380 1170 possint

250 1180 282 1221 ii
303 1211 316 1231 ,
367 1181 443 1235 qui
471 1180 738 1224 contendunt
773 1181 997 1225 vinculum
1029 1182 1297 1225 matrimonii
1335 1183 1518 1225 solemni
1564 1183 1830 1238 professione
1864 1184 2087 1238 religionis
2125 1197 2210 1227 non
2239 1184 2375 1238 solvi,

257 1247 392 1303 idque
422 1261 473 1292 eo
507 1249 669 1304 magis,
701 1249 819 1305 quod
852 1250 1107 1294 solemnitas
1134 1250 1416 1305 professionis
1454 1253 1515 1294 sit
1544 1253 1652 1295 meri
1680 1253 1792 1308 juris
1828 1252 2124 1296 ecclesiastici.

309 1334 414 1386 Pag.
446 1333 542 1374 270.
573 1335 634 1374 Ex
667 1331 795 1374 Card.
831 1332 1085 1376 pallavicini
1111 1333 1234 1377 Hist.
1271 1336 1405 1378 Conc-
1442 1333 1569 1377 Trid.
1599 1333 1677 1376 lib.
1707 1336 1848 1386 XXII,
1883 1346 1977 1389 cap.
2000 1336 2049 1387 4,
2081 1346 2127 1377 n.
2154 1335 2223 1377 50.

309 1414 422 1456 Hinc
442 1426 544 1457 vero
560 1413 765 1457 audacior
777 1415 1055 1470 progreditur
1074 1415 1127 1458 ad
1144 1415 1408 1471 carpendum
1418 1416 1658 1459 Concilium
1670 1417 1796 1471 quasi
1812 1416 2080 1472 complexum
2096 1417 2384 1460 mutationem

252 1493 422 1524 aeream
452 1485 495 1524 et
524 1483 736 1526 utilitatis
767 1487 812 1527 et
842 1484 996 1527 effectu
1026 1497 1230 1536 vacuam,
1266 1485 1371 1527 dum
1398 1488 1570 1536 narrat,
1597 1497 1623 1528 a
1650 1485 1871 1540 plerisque
1903 1497 1989 1527 non
2021 1484 2236 1537 discerni,
2278 1485 2386 1540 quid

254 1551 369 1593 inter
392 1551 585 1605 priorem
614 1555 658 1593 et
689 1553 975 1606 posteriorem
1000 1553 1185 1595 formam
1213 1554 1469 1605 interesset,
1506 1566 1597 1595 rem
1628 1556 1775 1596 tamen
1811 1553 1965 1607 maJ’ori
1997 1556 2176 1594 Patrum
2203 1565 2386 1596 numero

255 1619 496 1661 remissam.
531 1618 612 1661 Sed
643 1632 728 1661 non
759 1620 901 1661 solum
946 1633 1094 1663 revera
1121 1621 1352 1663 discrimen
1380 1622 1524 1663 inerat
1542 1652 1554 1671 ,
1592 1621 1792 1676 quamvis
1818 1620 2049 1672 subtilius;
2079 1619 2183 1673 sed,
2213 1620 2383 1663 etiamsi

257 1699 341 1729 non
379 1687 570 1739 inesset,
599 1687 928 1731 convenientius
955 1687 1113 1731 fuisset
1138 1689 1405 1743 Reipublicae
1433 1688 1700 1731 satisfacere.

308 1772 409 1824 Pag.
438 1770 536 1810 299.
565 1771 626 1811 Ex
659 1767 1003 1825 pseudo-synodi
1033 1770 1312 1813 Pistoriensis
1332 1769 1506 1814 decreto
1535 1774 1600 1814 De
1631 1769 1962 1822 Matrimonio,
1990 1769 2014 1825 ξ
2044 1772 2085 1813 6.

305 1852 511 1903 Quamvis
542 1855 793 1895 contractus
826 1865 912 1894 non
942 1851 1138 1896 includat
1165 1854 1455 1896 essentialiter
1475 1856 1520 1897 et
1547 1865 1597 1896 ex
1624 1865 1703 1896 sua
1722 1856 1882 1896 natura
1914 1856 2264 1904 Sacramentum,
2297 1863 2383 1896 non

251 1920 351 1965 ideo
378 1920 653 1964 inferendum
669 1925 736 1965 est
750 1955 762 1974 ,
792 1935 818 1965 a
832 1922 1027 1965 fidelium
1049 1923 1232 1966 arbitrio
1251 1922 1439 1978 pendere
1455 1960 1466 1977 ,
1482 1926 1534 1965 ut
1548 1926 1822 1977 separentur.
1836 1925 1928 1965 Imo
1950 1935 2048 1966 cum
2065 1924 2386 1965 sacramentum

252 1989 508 2032 institutum
524 1988 658 2031 fuerit
674 1990 728 2032 ad
745 1989 1051 2033 conferendam
1068 1991 1269 2046 gratiam,
1287 2003 1381 2046 quae
1395 1991 1640 2034 necessaria
1655 1993 1723 2034 est
1736 2021 1757 2045 ,Ι
1770 1993 1823 2032 ut
1840 2002 1951 2032 onus
1974 1990 2164 2046 conjugii
2179 1988 2387 2032 sustineri

253 2059 416 2114 possit,
444 2059 721 2114 perspicuum
742 2064 810 2103 est
842 2064 1102 2116 praeceptum
1134 2060 1368 2115 recipiendi
1388 2059 1522 2113 illud;
1542 2060 1657 2103 unde
1684 2059 1930 2115 gravissimi
1959 2059 2107 2106 delicti
2126 2072 2228 2103 reus
2244 2059 2357 2102 foret
2370 2090 2388 2109 .‚

257 2128 333 2183 qui
366 2126 412 2169 id
442 2128 586 2183 ipsum
617 2128 870 2182 negligeret.
2038 2147 2043 2150 ¹

311 2210 423 2254 Ibid.
440 2213 501 2252 Ex
524 2212 698 2255 motivis
714 2211 769 2254 ab
785 2213 996 2267 Episcopo
1017 2213 1182 2255 Nolano
1197 2212 1408 2266 oppositis
1422 2212 1552 2254 hullae
1566 2215 1806 2255 Auctorem
1819 2211 1938 2266 fidei.
1982 2248 1985 2250 ,

310 2297 346 2336 Α
363 2293 614 2347 Theologis,
645 2295 781 2349 quiin
803 2295 1079 2337 matrimonio
1094 2296 1209 2337 inter
1235 2306 1416 2349 sponsos
1431 2293 1690 2337 christianos
1705 2294 1813 2336 inito
1834 2296 1992 2348 putant
2010 2293 2222 2336 rationem
2240 2305 2389 2337 sacra-

257 2363 393 2405 menti
435 2363 583 2405 divelli
619 2375 714 2405 xnon
753 2376 879 2418 posse
912 2376 935 2406 a
984 2364 1151 2406 ratione
1182 2363 1363 2405 humani
1406 2365 1654 2405 contractus
1680 2394 1692 2414 ‚
1737 2362 1933 2404 doctrina
1965 2362 2019 2405 de
2054 2365 2389 2406 commemorata

257 2434 473 2486 potestate
501 2432 735 2486 originaria
766 2434 959 2487 reputari
987 2433 1148 2487 poterit
1174 2432 1353 2486 sequela
1382 2431 1504 2472 illius
1522 2430 1802 2475 indivisibilis
1831 2442 1964 2474 nexus
1990 2430 2179 2487 duplicis
2208 2431 2390 2475 rationis

266 2503 517 2542 contractus
541 2503 585 2542 et
615 2502 901 2550 sacramenti,
925 2513 1054 2555 quem
1077 2502 1121 2542 in
1156 2500 1433 2543 matrimonio
1450 2502 1703 2553 agnoscunt.

316 2585 415 2636 Pag.
431 2583 526 2623 510.
542 2584 603 2623 Ex
620 2583 906 2638 Rechbergeri
922 2582 1269 2639 ManualiJuv-is
1284 2582 1492 2626 canonici
1507 2581 1740 2625 Austriaci
1755 2618 1765 2634 ,
1785 2584 1891 2624 tom.
1916 2584 1954 2624 Π
1970 2612 1983 2632 ,
2003 2581 2028 2637 5
2050 2582 2143 2626 159.

315 2667 376 2706 Ex
408 2665 632 2720 principiis
648 2697 660 2718 ,
694 2678 788 2720 quae
805 2665 886 2708 hac
919 2666 970 2708 de
1000 2678 1044 2708 re
1064 2666 1342 2721 exposuimus
1362 2664 1429 2719 (I,
1447 2665 1470 2719 5
1488 2665 1591 2720 780)
1615 2664 1667 2707 de
1690 2665 1788 2719 jure
1815 2664 1991 2719 publico
2025 2666 2233 2718 agentes,
2261 2662 2392 2708 facile

260 2732 518 2783 deducitur,
560 2735 629 2777 cui
657 2738 873 2789 competat
894 2736 967 2790 jus
996 2734 1216 2778 statuendi
1246 2733 1557 2789 impedimenta
1590 2733 1873 2775 matrimonii.
1900 2733 2027 2774 Enim
2048 2745 2150 2777 vero
2179 2733 2267 2776 haec
2294 2744 2391 2787 spe-

261 2806 385 2844 ctant
411 2803 479 2845 vel
509 2805 551 2844 1υ
583 2802 853 2854 validitatem
877 2803 1110 2857 juridicam
1140 2806 1387 2845 contractus
1423 2802 1778 2853 matrimonialis,
1798 2801 1866 2844 vel
1894 2802 1939 2842 2ο
1959 2801 2153 2856 aliquam
2182 2800 2389 2844 moralem

264 2864 542 2926 qualitatem,
558 2874 626 2915 vel
646 2875 1032 2916 &sacramentum
1055 2876 1099 2915 et
1118 2873 1377 2915 sacramenti
1392 2872 1586 2916 effectus.
1602 2871 1930 2926 Impedimenta,
1947 2884 2041 2926 quae
2063 2870 2390 2913 matrimonium

259 2943 446 2998 juridice
479 2944 654 2986 irritum
688 2943 913 2996 efficiunt,
943 2943 1096 2986 stricto
1124 2956 1255 2985 sensu
1292 2942 1541 2986 dirimentia
1578 2944 1708 2992 sunt,
1740 2940 1966 2995 subjacent
1993 2939 2201 2994 potestati
2232 2939 2391 2981 summi

265 3014 522 3069 imperantis
540 3045 551 3065 ,
568 3025 646 3056 nec
661 3014 855 3056 Ecclesia
874 3015 1019 3067 potest
1038 3012 1187 3055 eadem
1205 3012 1435 3054 instituere
1464 3010 1548 3052 nisi
1574 3022 1670 3052 cum
1700 3021 1900 3064 expresso
1927 3008 1995 3052 vel
2015 3008 2151 3051 tacito
2178 3019 2392 3050 consensu

265 3083 548 3136 imperantis,
580 3082 798 3137 siquidem
842 3082 1108 3124 matrimonii
1140 3083 1414 3132 contractus,
1456 3080 1493 3121 si
1523 3079 1635 3134 juris
1665 3079 1776 3120 ratio
1805 3077 2048 3129 habeatur,
2076 3078 2165 3121 vim
2199 3087 2323 3117 suam
2366 3086 2392 3116 a

265 3155 481 3205 potestate
509 3151 626 3194 civili
655 3152 887 3206 accipiat...
917 3150 1107 3193 Tandem
1123 3150 1435 3205 impedimenta
1460 3149 1557 3199 illa,
1591 3161 1684 3203 quae
1711 3147 1766 3189 ad
1781 3148 2107 3191 Sacramentum
2123 3143 2394 3188 solummodo

269 3219 492 3262 referenda
521 3224 652 3271 sunt,
689 3220 917 3275 subjacent
950 3219 1157 3274 potestati
1178 3218 1492 3262 ecclesiasticae.
1521 3220 1748 3267 Attamen,
1782 3214 2146 3271 quemadmodum
2178 3214 2273 3267 ipsa
2305 3224 2392 3255 non

266 3286 538 3341 impediunt,
574 3289 807 3342 quominus
839 3291 1083 3331 contractus
1119 3287 1258 3330 civilis
1290 3285 1460 3331 validus
1503 3285 1744 3335 subsistat,
1787 3285 1851 3326 ita
1887 3284 2018 3327 etiam
2059 3284 2097 3325 si
2132 3280 2393 3324 sacramenti

272 3354 386 3396 ratio
411 3354 653 3408 habeatur,
691 3357 779 3399 vim
816 3356 1053 3400 dirimendi*
1073 3356 1237 3398 nullam
1263 3355 1449 3405 habent;
1469 3351 1822 3408 quandoquidem
1850 3365 1898 3396 ex
1932 3351 2095 3394 Christi
2116 3350 2392 3392 institutione

273 3422 460 3475 quilibet
476 3425 741 3467 matrimonii
763 3428 1035 3477 contractuS,
1057 3424 1294 3467 secundum
1316 3424 1455 3477 legem
1473 3422 1644 3465 validus
1660 3453 1672 3472 ,
1695 3421 1922 3463 constituit
1952 3420 2179 3462 materiam
2194 3418 2395 3460 idoneam

271 3492 526 3533 sacramenti
542 3505 552 3542 ;
573 3504 650 3533 nec
664 3494 871 3548 competit
886 3493 1181 3537 ecclesiastica>
1196 3492 1403 3546 potestati
1418 3491 1603 3534 facultas
1615 3488 1875 3531 immutandi
1891 3489 2118 3531 materiam
2135 3486 2393 3530 sacramenti

271 3571 295 3599 a
324 3558 494 3603 Christo
523 3561 787 3604 institutam.
809 3564 909 3607 Ideo
943 3564 1227 3619 impedientia
1262 3561 1564 3604 tantummodo
1592 3564 1721 3612 sunt,
1765 3559 1811 3602 id
1837 3563 1928 3611 est,
1962 3560 2152 3602 Ecclesia
2169 3556 2392 3604 definivit,

274 3626 377 3680 quid
394 3629 651 3670 servandum
670 3631 728 3671 sit
745 3660 755 3679 ,
776 3633 824 3670 ut
840 3636 1156 3673 sacramentum
1175 3631 1301 3684 digne
1324 3631 1611 3685 suscipiatur,
1636 3627 1742 3672 adeo
1757 3631 1836 3679 ut,
1860 3628 2123 3683 quicumque
2145 3627 2232 3670 haec
2263 3623 2395 3667 omit-

274 3698 405 3747 teret,
438 3696 589 3741 illicite
624 3698 800 3753 quidem
820 3729 832 3748 ,
872 3698 945 3741 scd
980 3711 1064 3741 non
1092 3699 1279 3743 invalide
1305 3702 1623 3743 sacramentum
1657 3697 1909 3751 susciperet.
