2508 4120
2084 159 2196 218 391

633 185 753 224 CAP.
804 185 882 223 IV.
929 186 995 220 DE
1038 182 1411 220 MATRIMOMIS
1452 181 1660 220 MIXTIS.

91 336 227 387 mox
254 329 314 384 in
336 326 682 407 provinciaS‚
707 345 846 407 quas
866 335 1076 384 vocant
1098 326 1320 383 mimas
1343 368 1358 397 .,
1385 323 1758 403 degenerasse
1772 321 2043 380 novimus
2068 320 2159 400 (1)
2179 365 2195 394 7

92 422 345 501 denique
366 419 529 480 brevi
553 420 830 501 temporis
845 418 1153 478 intervallo
1168 418 1397 476 nullum
1423 438 1605 498 prope
1625 417 1929 475 retinuisse
1946 413 2198 497 antiquae

92 515 383 595 religionis
422 514 745 594 vestigium.
801 512 867 571 30
905 514 1109 593 Liquet
1141 534 1211 571 ex
1247 513 1371 593 ipso
1397 507 1850 592 acatholicorum
1894 510 2200 568 hominum

93 611 245 669 facto
280 634 296 681 ς
356 628 545 687 neque
590 608 746 666 enim
786 629 996 667 vexare
1043 606 1185 664 adeo
1224 606 1534 684 catholicos
1583 606 1918 665 Sacerdotes
1958 606 2203 685 aggressi

94 705 368 772 fuissent,
410 700 585 782 idque
628 703 689 760 in
726 712 1036 783 conspectu
1075 690 1340 759 omnium
1381 695 1675 780 gentium,
1716 701 1880 781 quasi
1916 721 2014 760 eos
2055 698 2204 757 nihil

85 785 335 866 puderet
356 796 587 850 saevitiae
620 818 738 859 suvae
757 841 775 862 2
798 796 913 855 nisi
937 797 1117 854 fixum
1141 795 1340 854 animo
1365 794 1839 875 destinatumque
1864 793 2204 874 habuissent

87 878 290 958 quovis
319 888 504 958 ,pacto
552 875 878 957 provehere
909 876 1102 940 initas
1149 890 1226 936 ad
1274 888 1584 938 Ecnlooiam
1625 888 1971 948 catholicam
2006 899 2204 960 exter..

87 970 430 1030 minandum
457 969 722 1078 politicas
753 970 1234 1031 machinationes
1273 971 1487 1030 Verum
1521 993 1646 1033 non
1664 971 1846 1049 modo
1874 974 2074 1045 isthaec
2099 999 2203 1054 per

88 1066 306 1146 seipsos
335 1067 532 1125 conari
565 1065 838 1124 omnibus
875 1065 1133 1139 artibuS,
1164 1065 1269 1125 sed
1302 1067 1480 1126 etiam
1507 1077 1809 1175 pastorem,
1819 1066 2202 1128 aedificandae

91 1160 416 1221 christianae
445 1160 605 1243 plebi
634 1161 980 1234 institutos
1015 1111 1167 1220 velle
1200 1182 1439 1241 cogere,
1478 1173 1545 1220 ut
1571 1162 1783 1220 sociam
1815 1161 1927 1220 sibi
1961 1177 2200 1244 operam

89 1256 449 1337 adjungant
487 1277 665 1334 genus
708 1254 1002 1337 quoddam
1045 1267 1133 1314 est
1161 1255 1517 1341 crudelitatis
1549 1267 1608 1315 et
1630 1257 1872 1315 insaniae
1897 1278 2201 1339 nunquam

88 1351 370 1412 hactenus
406 1351 707 1426 auditum3
745 1373 881 1410 nam
910 1352 955 1410 si
996 1373 1187 1434 neque
1216 1352 1327 1412 hoc
1357 1352 1430 1411 ab
1469 1353 1934 1435 Imperatoribus
1959 1354 2204 1415 ethnicis

94 1459 391 1506 tentatum
415 1492 431 1520 ,
454 1446 501 1505 si
519 1467 712 1528 neque
735 1445 808 1504 ab
831 1449 864 1506 ,J
873 1446 1069 1506 uliano
1089 1447 1191 1506 illo
1220 1459 1483 1530 apostata
1513 1450 1902 1529 excogitatum
1930 1449 2203 1524 dixerim,

88 1541 236 1601 nihil
271 1552 482 1623 praeter
514 1541 825 1614 veritatem
859 1541 1067 1599 dicam.

172 1634 315 1694 320.
359 1638 609 1693 Demum
629 1645 699 1695 ut
719 1633 866 1692 illud
888 1639 1119 1715 quoque
1143 1634 1407 1713 adjiciam
1439 1636 1530 1710 iis,
1551 1656 1678 1716 quae
1700 1635 1968 1710 disserui,
1995 1636 2213 1695 confir-

91 1729 322 1789 mandis
340 1728 844 1787 accommodatum
868 1773 883 1802 ,
918 1727 1168 1802 affirm0‚
1194 1750 1315 1787 non
1333 1749 1504 1810 posse
1520 1728 1876 1795 *acatholicos
1898 1730 1958 1791 vi
1981 1730 2210 1809 adigere

90 1824 425 1883 Sacerdotes
461 1823 536 1881 ad
576 1822 865 1881 connubia
916 1823 1096 1881 mixta
1133 1825 1249 1881 ritu
1287 1844 1451 1881 sacro
1484 1823 1884 1906 honestanda,
1928 1834 2031 1882 aut
2081 1825 2207 1883 haec

92 1917 294 1977 eadem
311 1916 601 1976 connubia
617 1925 780 1976 tanta
804 1919 1178 1975 contentione
1198 1937 1543 1998 promovere
1558 1961 1574 1990 ,
1602 1917 1745 1999 quin
1766 1919 1880 1976 suis
1909 1917 2208 2000 principiis

87 2013 452 2086 valedicunt,
487 2024 546 2072 et
580 2035 612 2071 a
650 2034 710 2072 se
744 2014 880 2094 ipsis
926 2012 1269 2072 dissentiant
1312 2035 1488 2094 quam
1525 2014 1877 2094 turpissime.
1902 2003 2203 2074 *As-serunt

87 2111 243 2170 enim
270 2109 460 2188 vulgO,
486 2130 650 2190 posse
672 2107 1032 2167 Catholicos'
1016 2131 1079 2167 1n
1108 2130 1173 2168 ea
1196 2108 1331 2185 fide,
1356 2130 1532 2188 quam
1546 2111 1919 2190 profitentur,
1947 2109 2198 2170 salutem

26 2231 28 2234 ’
88 2204 351 2284 assequi3
403 2203 534 2261 illos
583 2215 780 2261 autem
829 2224 861 2261 e
911 2203 1202 2261 contrario
1255 2204 1471 2261 intoler
1470 2213 1635 2261 antes
1686 2202 1990 2277 dictitant
2045 2203 2203 2284 quod

89 2300 371 2373 sentiant
391 2309 554 2357 extra
573 2296 878 2356 Ecclesiam
904 2283 1247 2356 catholicam
1272 2295 1499 2357 salvum
1527 2298 1649 2356 fieri
1671 2299 1991 2358 neminem.
2022 2300 2200 2377 Igitur

90 2413 213 2451 non
243 2393 570 2450 animarum
605 2392 828 2465 studi0‚
871 2393 994 2452 sive
1023 2404 1091 2449 ut
1127 2391 1456 2450 Catholicos
1500 2390 1575 2449 ad
1610 2391 1859 2451 salutem
1890 2403 2199 2468 revocent,

90 2506 297 2547 verum
343 2505 457 2544 suae
502 2496 669 2545 sectae
717 2484 1104 2567 propagandae
1157 2483 1400 2544 libidine
1447 2495 1507 2543 et
1560 2485 1806 2567 politicis
1854 2437 2201 2568 quibusdani

92 2580 415 2640 rationibus
450 2578 720 2655 adducti,
762 2579 1203 2639 fraudulentum
1221 2579 1335 2639 'hoc
1354 2580 1653 2639 consilium
1690 2582 2066 2663 pervertendi
2091 2577 2202 2641 Cass

72 2799 250 2847 *lachiae
266 2798 475 2847 Gener-ali
494 2797 695 2847 Golowin
715 2798 912 2847 reddita.
932 2798 1106 2846 Rursus

92 2899 176 2947 per
203 2882 402 2930 edictum
435 2883 450 2945 (
476 2881 668 2945 Ukase)
691 2883 814 2931 idem
859 2882 1110 2947 Imperator

94 2956 346 3024 constituit,
364 2974 413 3013 ut
428 2964 573 3029 proles
590 2966 739 3012 omnis
755 2966 806 3011 in
817 2963 1002 3013 Polonia
1014 2974 1109 3012 orta

96 3061 154 3094 ex
173 3041 393 3111 conjugiis
408 3048 560 3093 mixtis
571 3046 787 3110 religione
800 3048 1110 3110 graeco-schis-

95 3128 260 3174 matica
274 3128 568 3186 imbueretur,
581 3137 625 3175 et
638 3125 740 3186 filii,
753 3130 831 3192 qui
847 3128 1107 3175 antelatum

98 3208 296 3256 edictum
316 3211 411 3256 nati
432 3218 601 3271 essent,
633 3219 907 3275 cogerentur
935 3212 1108 3274 ejurare

98 3289 364 3337 catholicam
405 3289 563 3338 fidem.
629 3288 937 3353 Quamobrem
979 3294 1107 3353 pueri

98 3370 354 3437 puellaeque
379 3372 650 3420 reluctantes
677 3374 726 3420 iu
744 3389 969 3421 carcerem
995 3389 1104 3421 con-

100 3453 207 3518 jecti
234 3462 369 3516 sunt3
401 3462 607 3517 parentes
627 3488 641 3514 ‚
674 3452 842 3519 quibus
870 3453 1109 3502 resistendi

103 3543 242 3582 tantoe
268 3536 490 3598 impietati
505 3539 685 3583 animus
711 3534 818 3595 fuit,
844 3537 895 3584 in
917 3537 1104 3585 exilium

104 3620 193 3664 acti
212 3634 226 3679 3
248 3634 339 3664 non
367 3633 519 3681 paueae
534 3617 786 3666 christiana}
817 3628 980 3667 matres
1006 3636 1110 3667 san-

1187 2801 1495 2848 ctissimarum
1515 2810 1766 2866 martyrum
1786 2838 1799 2860 ‚
1829 2817 1940 2866 quas
1953 2803 2203 2867 antiquitas

1190 2892 1448 2942 memorat,
1486 2881 1803 2930 fortitudinem
1853 2885 2116 2944 imitanteS,
2160 2893 2203 2930 et

1192 2967 1365 3012 eatenis
1396 2966 1587 3024 vinctae,
1620 2965 1869 3014 liberorum
1903 2982 2090 3014 suorum
2106 2968 2201 3014 exi-

1190 3047 1302 3094 lium
1337 3057 1582 3111 prosecutae
1603 3057 1725 3094 sunt.

1197 3123 1199 3125 ’
1258 3127 1324 3189 (l)
1366 3127 1517 3176 Unam
1551 3126 1643 3176 hic·
1670 3130 1954 3193 provinciam
1991 3123 2196 3175 Silesiam

1189 3210 1433 3275 appellabo
1451 3248 1464 3266 ‚
1492 3225 1595 3275 quae
1612 3247 1625 3268 ‚
1665 3220 1913 3276 antequam
1942 3210 2063 3273 regis
2101 3206 2192 3256 Bo-

1189 3287 1349 3340 russici
1394 3292 1695 3339 dominationi
1727 3291 2028 3357 subjiceretur
2052 3326 2066 3348 ,
2104 3299 2195 3338 tota

1189 3372 1324 3438 plane
1352 3373 1575 3422 catholica
1603 3381 1734 3435 erat3
1759 3387 1887 3420 nunc
1909 3379 2063 3420 autem
2087 3370 2197 3419 Pro-

1193 3464 1408 3504 testautes
1437 3471 1631 3503 numero
1668 3454 1761 3502 fere
1793 3470 1846 3502 ac
1877 3454 2077 3519 potentia
2109 3450 2197 3499 Ca·

1189 3538 1366 3586 tholicis
1389 3545 1627 3602 praestant.
