2508 4120
273 100 394 160 282
911 123 1234 162 TRAGTATUS
1278 126 1344 161 mi
1389 126 1771 169 mummolum.

1066 266 1475 320 PROPOSITIO
1503 268 1599 323 VI.

276 439 418 499 Non
458 447 627 495 errat
667 438 975 509 Ecclesia,
1009 460 1149 497 cnm
1178 441 1249 498 oh
1280 442 1504 499 multas
1531 462 1744 500 causas
1772 447 2206 521 separationem
2234 452 2393 508 inter

356 537 629 612 cony’uqes
651 534 853 611 quoad
883 534 1125 592 thorum
1166 557 1268 593 sen
1302 537 1506 615 quoad
1535 537 2030 597 cohabitationem
2064 541 2150 598 ad
2167 552 2394 602 certam

359 633 731 688 incertumve
759 640 992 710 tempus
1020 632 1164 711 fi‘eri
1179 652 1347 710 posse
1382 632 1662 691 decernit.

360 819 500 880 149.
550 820 876 901 Propositio
897 819 1024 880 haec
1050 832 1139 879 est
1159 820 1232 881 de
1252 821 1366 882 fide
1387 867 1402 898 ‚
1431 822 1677 882 totidem
1700 822 1987 905 siquidem
2009 824 2200 886 verbis
2214 847 2280 886 ea
2294 826 2398 886 de-

276 916 444 975 finita
468 927 601 975 esta
619 915 985 997 Tridentino,
1011 937 1149 976 sess.
1180 919 1387 993 XXIV,
1412 918 1522 978 hoc
1547 940 1675 978 can.
1700 921 1826 979 VIII
1849 942 1862 978 ι
1885 922 2114 1000 Siquis
2138 922 2396 995 dixerit,

277 1013 618 1074 Ecclesiam
670 1034 875 1072 errare
891 1056 914 1085 ,
960 1035 1096 1072 cum
1134 1014 1205 1072 ob
1254 1017 1478 1074 multas
1513 1037 1730 1075 causas
1767 1021 2204 1095 separationem
2240 1022 2400 1077 inter

277 1113 559 1188 conjuqes
589 1109 793 1188 quoad
836 1110 1078 1167 thorum
1107 1131 1206 1169 sen
1235 1112 1437 1189 quoad
1459 1112 1887 1171 habitationem
1922 1113 2009 1170 acl
2051 1123 2281 1171 certam
2310 1116 2402 1172 in·

276 1216 575 1265 certamve
605 1216 834 1284 tempus
850 1206 995 1284 fieri
1025 1228 1187 1284 posse
1213 1207 1502 1278 decernit,
1525 1209 1842 1267 anatliema
1876 1213 1973 1268 sit.

365 1301 503 1363 150.
552 1304 657 1363 Hae
694 1315 893 1362 autem
920 1325 1106 1363 causae
1134 1304 1210 1364 ad
1234 1316 1485 1386 quatuor
1517 1306 1817 1388 potissime
1851 1318 2235 1384 revocantur,
2267 1329 2404 1389 qua-

278 1421 411 1458 rum
436 1399 627 1481 prima
649 1411 737 1458 cst
755 1398 1135 1472 adulterium,
1152 1404 1318 1479 juxta
1333 1399 1483 1460 illud
1502 1401 1717 1461 Christi
1739 1402 1898 1483 apud
1922 1402 2135 1461 Matth.
2162 1404 2362 1477 XIX,9
2385 1426 2397 1461 z

284 1496 665 1576 Quicumque
714 1499 1019 1557 dimiserit
1056 1519 1301 1556 uxorem
1333 1520 1511 1558 sna-m
1547 1502 1677 1556 nisi
1708 1500 1779 1558 ob
1808 1501 2310 1577 fornicationem,
2350 1509 2406 1557 et

279 1594 472 1650 aliam
502 1594 774 1662 duxerit,
820 1595 1172 1652 moechatur.
1217 1595 1364 1653 Cum
1394 1594 1553 1652 enim
1582 1614 1653 1653 ex
1680 1594 1846 1652 dictis
1882 1593 1991 1652 hoc
2022 1592 2236 1652 Christi
2261 1614 2400 1653 ora-

282 1687 482 1747 culum
514 1688 760 1767 intelligi
789 1700 1043 1770 nequeat
1071 1688 1144 1748 de
1179 1688 1559 1748 dissolutione
1583 1690 1828 1768 conjugii
1849 1688 2043 1770 quoad
2065 1688 2366 1749 vinculum
2384 1732 2402 1762 ,

281 1784 568 1864 sequitur,
592 1783 1041 1863 intelligendum
1062 1806 1181 1844 esse
1204 1785 1278 1844 de
1298 1783 1635 1843 dimissione
1656 1784 1848 1865 quoad
1881 1784 2118 1842 thorum
2142 1828 2158 1858 ‚
2196 1794 2255 1842 et
2283 1784 2405 1865 qui-

280 1878 416 1938 dem
449 1880 511 1937 in
546 1891 898 1961 perpetuum
921 1926 936 1955 7
962 1881 1042 1939 ita
1074 1892 1141 1939 ut
1164 1926 1181 1952 ,
1209 1880 1309 1962 qui
1338 1881 1420 1939 ita
1448 1880 1697 1940 dimittit
1717 1925 1732 1955 ,
1758 1880 1939 1962 possit
1969 1880 2095 1939 sine
2121 1900 2404 1939 consensu

282 1975 504 2034 dimissi
528 1975 622 2036 vel
647 1975 897 2036 dimissae
926 1977 1110 2036 vitam
1144 1977 1526 2036 monasticam
1551 1977 1811 2059 profiteri
1835 1987 1934 2035 aut
1965 1976 2136 2035 sacris
2167 1974 2406 2035 Ordini-

281 2070 391 2131 bus
436 2072 651 2130 initiari
694 2073 809 2151 (l).
859 2072 1052 2131 Altera
1096 2094 1265 2131 causa
1306 2085 1394 2131 est
1431 2073 1666 2131 alterius
1709 2074 1962 2152 conjugis
1995 2072 2273 2154 apostasia
2311 2070 2405 2130 vel

282 2165 519 2225 haeresis
549 2188 682 2225 cum
717 2167 973 2248 periculo
998 2167 1389 2228 subversionis
1419 2166 1656 2226 alterius
1678 2212 1694 2240 .,
1718 2171 1888 2245 juxta
1913 2166 2059 2226 illud
2094 2165 2352 2247 Apostoli
2387 2189 2399 2222 :

284 2263 659 2322 Hoereticum
701 2262 1071 2321 hominem...
1114 2266 1310 2321 devita
1343 2262 1468 2341 (2),
1511 2273 1569 2320 et
1606 2260 1755 2320 illud
1791 2262 2047 2321 Christi:
2094 2263 2166 2320 Si
2204 2263 2409 2320 oculus

285 2497 475 2548 gamm,
512 2492 556 2530 et
608 2480 831 2547 publicari
872 2481 995 2546 apud
1048 2480 1229 2529 Graecos
1265 2491 1310 2530 et
1391 2482 1442 2528 in
1483 2480 1687 2528 Bullario
1735 2478 1948 2547 ejusdem
1996 2479 2167 2529 Pontis.
2220 2480 2301 2529 ubi
2348 2491 2412 2529 est

285 2566 612 2626 Albanenses;
644 2582 730 2614 nec
756 2565 852 2613 ullo
880 2575 1014 2630 pacto
1041 2564 1304 2614 Sacerdoti·
1393 2582 1445 2611 n.
1484 2580 1610 2623 mvn,
1651 2572 1767 2611 tom.
1816 2580 1831 2610 1
1850 2601 1863 2623 ,
1905 2581 1949 2628 p.
1995 2580 2104 2629 179·
2141 2562 2239 2612 cfr.
2271 2565 2407 2611 etiam

286 2647 377 2695 bus
407 2649 640 2712 integrum
676 2665 772 2695 esse
807 2646 1084 2708 declaravit,
1116 2657 1167 2695 ut
1205 2663 1309 2711 per·
1395 2643 1603 2713 ejusdem
1642 2663 1757 2711 opus
1794 2644 1867 2695 De
1907 2644 2133 2709 Synodo,
2178 2645 2265 2693 lib.
2299 2661 2409 2703 xm,

286 2732 523 2778 mitterent
553 2729 741 2777 dissolvi
779 2731 1023 2795 conjugia,
1071 2746 1267 2794 eamque
1292 2765 1306 2789 ‚
1396 2747 1498 2793 cap.
1527 2744 1589 2776 22
1614 2765 1627 2788 ,
1657 2726 1732 2792 §4
1752 2765 1765 2787 ‚
1783 2728 1863 2775 ubi
1890 2729 2043 2788 refert,
2072 2746 2098 2775 a
2126 2726 2176 2775 S.
2206 2725 2409 2791 Congre-

288 2816 327 2862 si
357 2830 450 2879 qua
488 2821 741 2860 tentaretur
773 2811 1047 2871 dissolutio,
1086 2821 1310 2875 tanquam
1398 2812 1578 2874 gatione
1635 2809 1903 2872 denegatam
1964 2809 2105 2856 fuisse
2152 2808 2416 2857 facultatem

287 2896 469 2944 nullam
500 2911 555 2943 ac
585 2897 762 2942 irritam
795 2894 972 2942 haberi.
1009 2892 1141 2941 Hanc
1177 2909 1311 2957 porro
1399 2893 1554 2939 denuo
1586 2890 1794 2938 nubendi
1824 2889 1980 2938 Graeco
2002 2926 2016 2949 ,
2038 2892 2119 2956 qui
2150 2908 2252 2938 eam
2270 2893 2415 2955 petie-

288 2979 647 3027 instructionem
695 2977 987 3024 confirmavit
1037 2975 1314 3024 Benedictus
1399 2982 1498 3034 rat,
1531 2971 1659 3038 quod
1688 2975 1788 3038 ejus
1839 2989 1955 3020 uxor
1989 2973 2211 3020 moechata
2253 2983 2369 3021 esset
2400 3010 2413 3031 ‚

289 3079 397 3122 xlv,
432 3064 481 3110 in
515 3061 703 3109 constit.
733 3058 848 3107 Etsi
877 3057 1167 3124 pastoralis,
1212 3057 1314 3105 data
1403 3050 1598 3122 ejusque
1622 3057 1797 3103 crimen
1823 3055 2018 3121 juridice
2052 3056 2213 3103 fuisset
2247 3054 2415 3119 proba·

291 3146 367 3194 die
396 3143 430 3193 6
462 3143 573 3210 Maji
602 3140 726 3210 1742
749 3179 763 3202 ‚
791 3144 841 3189 in
861 3143 993 3207 cujus
1024 3140 1051 3206 ἓ
1081 3138 1145 3196 8,
1178 3158 1226 3187 n.
1251 3155 1280 3186 2
1301 3177 1315 3198 ,
1404 3147 1504 3185 tum
1526 3174 1539 3197 ‚
1571 3154 1622 3185 ac
1644 3148 1855 3202 praeterea
1884 3136 2158 3203 ajudicibus
2189 3137 2279 3185 lata
2304 3137 2417 3183 fuis-

292 3227 497 3276 decrevit
524 3226 733 3274 Pontifex
778 3242 791 3272 :
826 3224 1155 3271 Matrimonia
1194 3224 1322 3269 inter
1407 3230 1476 3268 set
1503 3221 1725 3268 sententia
1746 3254 1762 3276 ,
1790 3236 1881 3285 qua
1899 3229 2232 3283 possetnovum
2260 3217 2418 3266 Matri-

292 3310 517 3373 conjnqes
541 3305 729 3359 Groecos
755 3304 955 3367 dirimi,
979 3322 1062 3353 seu
1089 3305 1318 3364 divortia,
1410 3306 1622 3352 monium
1658 3304 1794 3350 inire.

293 3391 451 3455 quoad
494 3390 748 3440 vinculum
783 3422 799 3442 ,
842 3389 956 3453 fieri
1004 3387 1136 3436 nullo
1185 3387 1321 3434 modo
1480 3385 1541 3450 (l)
1595 3385 1675 3433 De
1734 3399 1942 3431 convers·
2005 3385 2365 3450 conjuyatorum
2398 3414 2412 3438 ,

288 3473 573 3540 permittant
614 3484 699 3523 aut
735 3480 996 3541 patiantur
1046 3472 1060 3534 (
1093 3469 1325 3518 Ordinarii
1413 3487 1515 3534 cap.
1572 3468 1628 3517 15
1660 3508 1677 3529 ,
1726 3468 1845 3533 apud
1895 3466 2162 3527 pithoeum,
2199 3475 2308 3513 tom.
2339 3480 2371 3510 11
2404 3498 2417 3521 ,

297 3558 558 3622 locorum);
591 3566 665 3618 et,
698 3562 744 3606 si
770 3576 877 3624 quae
909 3557 967 3606 de
983 3557 1329 3622 factoproeces-
1414 3572 1516 3618 pag.
1560 3550 1672 3618 175.

297 3652 498 3703 serunt,
539 3641 672 3691 nulla
694 3652 737 3689 et
773 3644 917 3712 irrita
952 3639 1203 3688 declarent.
1233 3637 1326 3685 Cfr·
1488 3634 1553 3695 (2)
1594 3633 1663 3681 Ad
1701 3636 1769 3682 tit.
1804 3650 1885 3691 ιιι,
1928 3648 2003 3680 ιο.
