2612 4146
297 171 378 231 70

823 191 1142 232 TRACTATUS
1185 191 1253 226 DE
1298 191 1564 229 EXTREMA
1610 193 1911 231 UNCTIONE.

296 346 575 396 mentum
599 335 778 394 fuisse
807 333 1308 394 administratum.
1343 334 1608 395 Profecto
1628 337 1925 396 rationum
1952 348 2282 413 momenta,
2311 362 2439 422 quae

297 433 375 494 ad
413 432 525 492 hoc
561 429 1043 515 persuadendum
1092 428 1402 511 proferunt
1428 475 1445 505 .,
1474 429 1630 493 levia
1669 454 1908 515 prorsus
1950 444 2091 492 sunt
2130 454 2195 493 ac
2235 435 2459 497 futilia.·

295 529 531 588 Etenim
557 527 619 586 id
646 547 768 585 non
792 525 1076 586 evincunt
1111 525 1173 585 in
1197 526 1404 608 primis
1430 525 1613 588 verba
1644 529 2051 589 iunocentii-I:
2078 530 2298 591 Sancto
2329 539 2458 593 oleo*

294 625 642 683 chrismatis
666 622 746 679 ab
784 620 1083 701 Episcopo
1118 625 1378 701 confecto
1395 670 1412 694 ,
1453 643 1577 682 non
1621 625 1816 684 solum
1845 627 2270 686 Sacerdotibus
2287 675 2303 699 ,
2346 632 2454 690 sed

294 730 352 778 et
388 718 673 777 omnihus
707 717 1065 778 christianis
1108 722 1209 777 uti
1239 720 1377 777 licet
1403 722 1473 778 in
1507 740 1653 789 sua,
1683 730 1798 779 aut
1814 742 2068 781 suorum
2104 727 2461 786 necessitate

295 813 686 894 inunyend03
725 812 876 873 illud
906 814 1069 874 enim
1104 816 1457 896 inunyendo
1495 837 1620 874 non
1649 814 1724 875 de
1751 819 1955 876 activa
1981 819 2258 878 unctione
2282 865 2297 894 ,
2343 820 2448 881 sed

296 910 370 971 de
384 914 668 991 passiva,
704 911 818 972 hoc
845 923 968 989 est,
1001 934 1127 972 non
1150 911 1226 972 de
1249 912 1562 973 collatione
1584 960 1601 990 a
1650 912 1755 973 sed
1784 913 1861 973 de
1891 914 2234 996 receptione
2264 916 2366 996 huj
2377 939 2445 977 us

298 1007 667 1067 Sacramenti
698 1006 1105 1090 accipiendum
1138 1019 1262 1085 est,
1300 1020 1371 1068 ut
1403 1020 1569 1092 patet
1605 1011 1669 1069 10
1702 1031 1776 1069 ex
1801 1019 1928 1069 toto
1955 1021 2235 1070 contextu
2271 1018 2333 1072 et
2373 1034 2449 1074 ex

306 1104 822 1183 argumentatione
836 1105 897 1163 S.
926 1104 1223 1164 Pontificis
1243 1151 1260 1180 7
1285 1105 1356 1163 20
1378 1126 1451 1164 ex
1473 1103 1751 1181 absurde,
1783 1104 1944 1188 quod
1966 1105 2227 1188 alioquin
2248 1128 2452 1191 seque·

298 1210 497 1277 retur,
531 1198 647 1258 nisi
670 1220 739 1260 eo
766 1220 941 1261 sensu
963 1245 979 1275 ‚
1020 1222 1201 1282 quem
1225 1198 1646 1276 indicavimUS‚
1673 1199 1855 1263 verba
1873 1204 2201 1262 Innocentii
2222 1204 2450 1287 accipe—

299 1307 545 1373 rentur,
595 1317 767 1379 posse
810 1317 1031 1378 nempe
1063 1297 1405 1380 quempiam
1429 1297 1552 1360 sive
1574 1296 1992 1381 presbyterum
2011 1297 2135 1359 sive
2158 1299 2452 1383 semetip-

301 1415 435 1452 sum
470 1391 686 1453 laicum
717 1392 1221 1454 sacramentaliter
1259 1393 1568 1474 inungere.
1621 1392 2031 1454 Grammaticis
2076 1416 2255 1476 porro
2300 1417 2450 1454 onus

303 1488 700 1571 relinquimus
742 1488 1095 1551 ostendendi
1141 1477 1435 1568 ejusmodi
1469 1489 1752 1570 gerundia
1782 1488 1858 1550 ab
1894 1488 2228 1551 auctoribus
2265 1510 2453 1550 aureae

305 1585 616 1645 latinitatis
642 1585 706 1644 in
726 1585 1150 1666 significatione
1175 1587 1406 1668 passiva
1432 1586 1752 1668 saepissime
1775 1586 1951 1647 fuisse
1972 1597 2271 1669 usurpata.
2303 1586 2471 1646 Sane¹

306 1680 576 1760 Virgilius
597 1726 613 1756 ,
635 1681 904 1762 Georyic.
936 1682 1083 1752 III,
1111 1703 1174 1744 v.
1196 1681 1339 1756 454,
1367 1682 1632 1764 scripsit:

753 1778 966 1837 Alitur
1009 1780 1229 1839 vitium
1257 1781 1516 1858 vivitque
1538 1779 1778 1860 teqendo
1794 1795 1819 1846 ‚·

307 1873 372 1933 id
420 1884 545 1949 est,
591 1873 735 1933 dum
778 1875 998 1955 tegitur
1021 1873 1133 1954 (l).

389 1970 497 2029 40.
546 1973 665 2031 Nec
699 1970 917 2031 deinde
946 1970 1007 2030 id
1045 1970 1332 2032 evincunt
1357 1969 1536 2031 verba
1574 1971 1719 2031 Ven.
1762 1968 1964 2047 Bedae,
2003 1970 2105 2052 qui
2140 1969 2206 2028 in
2242 1989 2370 2051 cap.
2407 1969 2452 2026 V

308 2066 580 2149 Epistolae
613 2069 675 2126 S.
706 2066 910 2128 Jacobi
935 2067 1202 2127 infirmos
1231 2066 1616 2146 adhortatur,
1653 2077 1721 2128 ut
1746 2067 2048 2128 seniorum
2071 2065 2365 2146 adjutorio
2395 2085 2457 2124 se

311 2164 504 2223 curari
534 2164 946 2238 meminerint,
973 2183 1167 2245 neque
1194 2163 1270 2222 ad
1285 2164 1551 2241 juniores
1576 2163 1852 2225 minusve
1879 2162 2078 2222 doctos
2105 2183 2304 2221 causas
2337 2181 2454 2219 suae

310 2257 729 2318 imbecillitatis
774 2259 1067 2318 deferant.
1107 2259 1293 2332 Nam,
1323 2270 1391 2317 ut
1438 2244 1512 2318 ex
1548 2258 1828 2318 orationis
1855 2258 2002 2317 serie
2025 2257 2246 2339 liquet,
2292 2254 2455 2316 Beda

309 2357 345 2414 J
349 2354 514 2415 acobi
539 2354 722 2416 verba
754 2377 768 2413 ε
797 2356 1173 2434 Infirmatur
1194 2359 1334 2435 quis
1357 2358 1427 2414 in
1452 2351 1614 2414 vehis
1630 2401 1648 2425 ‚
1669 2375 1793 2413 non
1809 2352 2001 2413 solum
2015 2351 2256 2413 litterali
2281 2373 2457 2412 sensu

310 2450 384 2511 de
403 2452 750 2518 infirmitate
772 2473 1054 2534 corporea
1070 2495 1087 2525 ,
1124 2450 1229 2511 sed
1247 2451 1426 2511 etiam
1448 2450 1849 2534 metaphorice
1877 2449 1952 2510 de
1971 2448 2265 2532 spirituali
2288 2446 2452 2529 aegri-

308 2548 517 2608 tudine
556 2559 942 2630 exposuerat3
984 2547 1123 2607 hinc
1147 2549 1289 2627 jure
1323 2548 1536 2608 merito
1557 2547 1685 2629 ipse
1714 2544 1997 2607 monebat
2017 2590 2034 2622 ⁷
2062 2555 2130 2603 ut
2155 2545 2220 2603 in
2254 2545 2456 2606 Sacra-

383 2795 452 2860 (1)
470 2794 571 2844 cfr.
588 2794 818 2845 Constant
841 2797 892 2844 in
907 2795 1118 2862 adnotat.
1137 2796 1197 2844 ad
1210 2797 1340 2846 hunc

319 2877 413 2927 loc.
449 2878 531 2927 ubi
568 2878 799 2939 ostendit,
826 2877 887 2927 ab
915 2877 1176 2927 Innocentii
1196 2889 1351 2928 mente

304 2960 517 3010 aberrare
553 2977 662 3021 θος,
711 2963 792 3027 qui
832 2978 940 3009 eum
973 2960 1064 3008 hoc
1115 2959 1219 3010 loco
1251 2978 1351 3010 om-

303 3044 446 3092 nibus
484 3043 761 3092 Christianis
782 3051 885 3091 tum
922 3060 970 3091 se
997 3052 1101 3091 tum
1121 3060 1228 3092 suos
1247 3043 1351 3092 oleo

315 3138 474 3175 sancto
501 3127 707 3191 ungendi
731 3128 810 3192 jus
847 3109 1128 3187 attribuere,
1169 3137 1212 3174 et
1229 3125 1345 3175 fide·

310 3208 378 3258 les
406 3227 567 3258 omnes
603 3210 746 3276 hujus
787 3208 1072 3258 Sacramenti
1115 3210 1369 3258 ministros

305 3291 559 3355 praedicare
585 3292 903 3355 arbitrantur3
949 3308 1039 3357 prae
1060 3294 1217 3340 sertim
1243 3309 1353 3340 cum

305 3372 358 3421 S.
391 3373 598 3422 Pontifex
627 3375 841 3423 nondum
874 3374 953 3423 hic
998 3374 1056 3422 de
1090 3376 1356 3423 unctionis

307 3457 520 3504 ministro
542 3493 555 3516 ‚
597 3456 676 3504 sed
706 3458 764 3506 de
786 3475 840 3507 eo
871 3467 1095 3517 tantum,
1124 3458 1201 3504 cui
1234 3473 1343 3504 con-

310 3538 420 3586 ferri
434 3540 591 3603 possit,
608 3555 868 3588 sermonem
878 3540 1069 3590 habeat.
1086 3537 1342 3606 Iudepuim

1432 2799 1491 2845 sit
1519 2796 1611 2845 hoc
1651 2794 2000 2844 Sacramentum
2028 2792 2351 2841 administrare
2368 2826 2383 2850 ,
2405 2795 2460 2840 ut

1433 2878 1552 2927 illud
1569 2877 1782 2926 conferre
1812 2876 2053 2941 Episcopis
2072 2891 2170 2922 non
2193 2871 2352 2928 liceat,
2372 2872 2462 2920 fal-

1433 2977 1531 3010 sam
1546 2957 1885 3007 nonnullorum
1907 2975 1961 3006 ea
1995 2956 2053 3005 de
2077 2973 2128 3005 re
2158 2956 2449 3020 opinionem,

1434 3043 1494 3091 de
1529 3059 1622 3108 qua
1650 3040 1787 3089 illum
1825 3038 2079 3089 Decentius
2119 3037 2460 3086 consulendum

1434 3124 1655 3180 duxerat,
1690 3122 1914 3171 confutat.
1937 3120 1996 3169 Et
2025 3121 2127 3168 haec
2156 3120 2347 3186 quidem
2368 3119 2466 3168 De-

1435 3205 1578 3256 centii
1594 3207 1888 3270 interrogatio
1902 3241 1916 3265 ,
1940 3214 2173 3270 quantum
2193 3203 2464 3250 abhorreret

1435 3290 1494 3338 ab
1508 3289 1698 3337 illorum
1719 3298 1981 3353 temporum
1997 3285 2109 3346 fide,
2133 3296 2184 3333 ut
2203 3284 2462 3350 Christiani

1437 3373 1614 3438 quique
1631 3371 1842 3418 infirmos
1865 3386 1992 3418 sacro
2018 3367 2118 3417 oleo
2148 3384 2317 3433 ungere
2332 3382 2464 3432 posse

1438 3457 1732 3507 crederentur
1758 3492 1772 3515 ‚
1798 3463 1951 3518 aperte
1981 3451 2171 3500 indicat.
2197 3451 2265 3498 Ex
2291 3448 2463 3515 quibus

1437 3542 1607 3604 liquet,
1637 3555 1779 3604 quam
1796 3553 1961 3602 parum
1980 3552 2027 3584 se
2052 3540 2214 3583 acutos
2233 3530 2461 3583 exhibue-

309 3620 371 3669 ad
417 3622 611 3670 alteram
663 3625 963 3686 progreditur
999 3626 1308 3691 quaestionem
1330 3661 1344 3683 ,
1431 3626 1524 3671 rint
1558 3621 1798 3687 Launojus
1819 3629 1863 3669 et
1892 3618 2165 3683 Basnagius.

322 3721 381 3751 an
412 3704 590 3753 scilicet
608 3704 986 3770 presbyterorum
1020 3710 1083 3757 ita
1107 3708 1347 3774 proprium
