2508 4120
2111 121 2226 179 247

557 151 678 190 CAP.
728 151 789 187 11.
836 149 904 187 DE
946 147 1291 187 MATRIMONH
1334 143 1805 184 PROPROETA‘HBUS.

224 296 318 355 80.
363 298 535 374 Resp.
576 294 724 371 Ney.
765 294 925 350 subs.
976 290 1071 349 Ad.
1109 291 1185 347 1¹1¹
1222 287 1386 370 prob.
1415 291 1570 347 Dist.
1607 289 1673 344 ln
1698 307 1790 359 se,
1829 295 2056 351 trans.;
2091 285 2138 341 si
2178 286 2228 342 ei

140 390 437 449 accesserit
471 387 727 446 Ecclesiae
762 384 1194 466 interpretatio,
1227 403 1356 462 quae
1393 379 1629 440 sensum
1666 399 2005 459 germanum
2039 377 2234 436 deter-

139 485 354 557 minet,
379 505 504 561 περ.
529 484 563 540 J
569 504 660 539 am
690 502 826 539 vero
847 478 1142 538 Cornelius
1166 498 1199 534 a
1218 474 1429 556 Lapide
1446 473 1869 545 fusesostendit,
1896 491 2015 530 non
2044 470 2231 530 solum

139 600 206 637 ex
246 588 519 635 contextu
537 619 553 650 ,
583 575 685 634 sed
717 595 786 632 ex
829 571 1123 631 communi
1152 571 1541 648 interpretum
1573 569 1902 625 Graecorum
1926 577 1986 624 et
2009 567 2233 624 Latino-

141 694 275 729 rum
312 670 703 751 expositione,
747 669 1138 726 Romanorum
1170 662 1512 720 Pontificum
1558 662 2101 741 interpretationem
2136 681 2234 739 ge·

139 768 381 825 nuinam
425 785 545 844 prae
590 784 650 822 se
693 763 841 822 ferre
885 759 1109 820 Paulini
1143 757 1458 816 testimonii
1486 757 1835 815 sententiam
1870 755 1984 836 (1).
2031 755 2193 815 Addo
2222 801 2238 829 ,

141 859 546 919 obscuritatem
565 901 581 926 .,
607 878 781 937 quam
805 863 1149 934 exaggerant
1170 848 1516 923 adversarii,
1545 850 1592 907 si
1627 871 1739 930 qua
1764 870 1962 909 revera
1992 851 2065 907 sit
2086 893 2102 923 ,
2138 872 2238 908 no-

141 975 272 1011 vam
302 973 423 1011 esse
451 952 736 1009 rationem
759 947 1100 1026 subjiciendi
1126 946 1419 1027 propriam
1445 937 1986 1026 interpretationem
2020 946 2240 1027 exposi-

140 1048 282 1104 tioni
312 1045 588 1104 Ecclesiae.
2155 1045 2161 1050 ’

222 1142 318 1199 81,
370 1140 455 1203 Ad
481 1141 566 1197 2¹2²
587 1184 601 1213 ,
632 1138 781 1217 Ney.
818 1139 977 1194 Hanc
996 1136 1148 1194 enim
1176 1135 1598 1215 oppositionem
1634 1154 1763 1191 cum
1796 1133 2240 1192 hermeneuticis

146 1330 259 1396 jugii
283 1330 467 1377 fidelem
487 1330 606 1376 inter
641 1338 685 1376 et
721 1324 986 1386 infidelem,
1014 1327 1051 1372 si
1075 1325 1157 1389 *hic

142 1414 239 1459 sine
254 1413 418 1476 injuria
443 1407 684 1457 Salvatoris
715 1406 976 1456 cohabitare
1007 1405 1153 1470 nolit,

143 1503 192 1539 ut
209 1495 358 1540 statim
373 1492 494 1539 dicta
506 1492 801 1551 revocaverit,
819 1506 871 1536 ac
889 1498 1156 1552 sequentem

134 1575 342 1620 *emiserit
354 1573 704 1620 declarationem
726 1588 739 1618 ε
756 1569 822 1616 In
839 1569 975 1616 rebus
986 1566 1158 1615 theolo-

143 1657 266 1719 yicis
281 1671 311 1701 a
334 1670 548 1719 supremo
569 1654 714 1700 totius
733 1650 959 1701 Ecclesiae
975 1650 1157 1712 maqis-

147 1745 234 1797 tro,
266 1737 348 1782 cui
361 1733 397 1780 J
398 1739 502 1794 esus
525 1733 743 1781 Christus
769 1729 967 1779 docendi
983 1746 1158 1777 ‚nunus

148 1817 451 1864 demandavit
480 1854 492 1873 ,
542 1815 758 1870 edoceri,
803 1815 1020 1859 inaximo
1062 1811 1163 1858 dis-

149 1896 303 1962 cipuli
317 1897 423 1943 laus
450 1905 515 1943 est
534 1905 576 1943 et
590 1895 761 1959 qloria.
788 1894 900 1959 Qua
920 1892 976 1940 de
993 1908 1155 1951 causa,

149 1994 421 2042 quanquam
448 1978 642 2040 quaestio
680 1976 925 2041 proposita
956 1990 987 2019 a
1032 1972 1158 2020 Con-

150 2057 281 2106 ciliis
321 2058 535 2104 nondum
580 2056 642 2104 sit
699 2055 895 2118 definita
915 2088 931 2112 ,
988 2053 1160 2118 sufficit

149 2147 305 2186 tamen
346 2137 502 2193 milii,
551 2138 737 2183 auctori
779 2136 933 2200 operis
971 2135 1110 2180 citati
1135 2171 1149 2191 ,

150 2217 417 2282 s.·'quificata
474 2216 666 2263 Summi
705 2211 956 2277 Pontifi’cis
1002 2215 1157 2260 nostri

155 2298 380 2362 Greqorii
390 2297 692 2362 displicentia
706 2333 720 2353 ,
749 2302 804 2342 ut
812 2311 914 2341 eam
929 2292 1027 2341 loco
1042 2295 1160 2340 cita-

150 2390 196 2428 to
219 2387 445 2427 assertam
481 2386 526 2425 et
566 2377 809 2440 defensam
849 2376 907 2423 de
949 2375 1157 2423 indisso-

153 2459 385 2508 lubilitate
399 2458 596 2524 praefati
627 2458 845 2520 conjuqii
877 2458 1159 2503 sententiam

154 2552 382 2607 tanquam
421 2541 616 2588 decretis
638 2537 944 2602 Somniorum
989 2534 1159 2584 Ponti-

150 2626 297 2688 ficum
341 2632 384 2670 et
418 2623 571 2687 praxi
612 2619 843 2668 Ecclesioe
871 2616 1159 2665 contrariam

156 2706 382 2752 declarem
421 2712 465 2750 et
489 2704 706 2767 rejiciam-
724 2720 743 2762 ‚-
785 2702 910 2748 sicut
928 2708 971 2746 et
997 2700 1160 2746 omnia

156 2788 255 2835 alia
280 2785 505 2852 opuscula
535 2779 792 2848 infallibili
824 2780 1051 2831 Ecclesioe
1079 2797 1159 2828 ca-

157 2868 338 2918 tholicae
377 2866 659 2931 Summique
686 2864 941 2927 Pontificis
970 2861 1160 2928 judicio

160 2950 422 2998 humillime
457 2949 679 3014 subjicio.
723 2944 1058 3011 Dusseldorpii
1101 2943 1160 2993 16

168 3028 331 3085 Octoh.
379 3030 523 3080 1832.
564 3028 655 3079 Dr.
692 3027 952 3078 Binterim.
988 3027 1161 3076 Inserta

165 3121 231 3159 est
271 3122 419 3160 autem
473 3114 573 3160 haec
616 3111 860 3159 declaratio
901 3118 1011 3157 tom.
1062 3124 1126 3156 vn
1149 3145 1161 3168 ,

166 3202 281 3255 part.
324 3208 372 3239 2.
399 3193 455 3240 ad
482 3193 622 3240 finem
648 3192 794 3256 operis
831 3190 1160 3254 arcbaeologici.

167 3272 236 3320 Ita
267 3290 312 3320 se
336 3283 528 3335 gerunt,
566 3276 645 3339 qui
673 3290 724 3320 ex
763 3273 916 3319 animo
953 3271 1164 3319 catholici

169 3365 292 3403 sunt.

232 3435 305 3498 (l)
351 3435 611 3482 Comment.
654 3438 703 3483 in
734 3436 863 3499 ‘hunc
899 3435 988 3483 loc.
1035 3433 1166 3482 Vidi-

171 3535 271 3564 mus
297 3552 312 3575 ,
348 3519 496 3578 ipsum
534 3514 799 3580 Cajetannm
818 3533 912 3563 non
939 3515 1169 3575 abnuere,

1236 1333 1592 1372 consentaneam
1638 1341 1733 1372 esse
1792 1334 1929 1388 atque
1971 1325 2202 1370 contextui
2228 1339 2242 1384 ;

1236 1409 1301 1452 sic
1334 1407 1457 1452 enim
1493 1404 1649 1453 scribit
1679 1405 1770 1453 loc.
1802 1407 1882 1453 cit.
1923 1403 2058 1470 Quia
2087 1411 2243 1454 tamen

1235 1488 1431 1549 antiquo
1472 1484 1701 1533 Ecclesioe
1745 1502 1837 1533 usu
1883 1501 2071 1531 sensum
2117 1501 2243 1532 com-

1236 1583 1426 1614 munem
1453 1575 1605 1613 textus
1633 1565 1778 1631 thjas
1801 1567 2050 1629 firmatam
2066 1566 2203 1612 credo
2225 1600 2242 1626 ‚

1236 1660 1282 1697 et
1310 1657 1464 1696 textus
1487 1664 1642 1714 capax
1669 1656 1737 1695 est
1753 1648 1898 1713 hujus
1927 1663 2094 1695 sensus
2118 1664 2242 1695 com-

1236 1732 1401 1781 munis
1415 1767 1427 1789 ‚
1461 1728 1566 1776 ideo
1584 1728 1839 1776 dicendum
1858 1737 1927 1776 est
1950 1766 1964 1787 ‚
1991 1727 2119 1793 qaod
2139 1727 2238 1775 Do-

1236 1813 1402 1858 minus
1437 1813 1492 1857 in
1515 1808 1782 1874 Evanqelio
1809 1827 1908 1857 non
1948 1826 2244 1857 communem

1239 1893 1423 1955 utrique
1452 1891 1676 1955 conjuqi‚
1708 1889 1789 1937 sed
1806 1891 1979 1937 marito
2000 1891 2247 1954 propriam

1237 1972 1440 2020 tradidit
1454 1971 1683 2018 libertatis
1712 1971 1853 2034 leqem
1876 2007 1888 2028 ‚
1905 1979 1959 2018 at
1986 1978 2139 2017 temtus
2153 1970 2253 2034 ipse

1238 2053 1484 2117 manifeste
1516 2052 1649 2100 dicit.
1695 2050 1884 2099 Paulus
1930 2060 2089 2100 autem
2129 2066 2251 2098 com-

1239 2152 1429 2182 munem
1469 2136 1659 2198 utrique
1697 2135 1895 2199 conjuqi
1930 2132 2073 2196 leqem
2113 2132 2252 2179 liber·

1238 2219 1350 2264 tatis
1385 2215 1660 2282 promulqat
1695 2254 1707 2274 ‚
1758 2216 2037 2269 auctoritate
2083 2206 2257 2278 procul

1239 2298 1383 2345 dubio
1397 2297 1598 2354 divina;
1620 2314 1714 2361 qua
1743 2296 1841 2343 sola
1869 2295 2085 2360 separari
2103 2301 2255 2359 potest

1237 2379 1364 2444 quod
1412 2377 1542 2426 Deus
1568 2379 1849 2442 conjunxit,
1872 2378 2024 2441 juxta
2058 2374 2250 2422 verbum

1239 2461 1450 2508 Domini
1478 2459 1535 2504 de
1577 2459 1795 2522 conjuqio
1818 2493 1832 2516 ‚
1879 2473 1977 2503 non
2013 2455 2251 2503 Christia-

1241 2558 1409 2587 norum
1427 2578 1439 2596 ‚
1468 2538 1551 2585 sed
1574 2539 1634 2586 ab
1656 2540 1800 2586 initio
1815 2537 1952 2585 mudi
1972 2542 2246 2586 constituto-

1240 2620 1514 2685 Ins‘idelitas
1541 2612 1701 2670 autem
1727 2658 1740 2680 ,
1786 2637 1891 2684 quw
1933 2618 1997 2666 ad
2034 2620 2252 2665 animam

1239 2710 1441 2767 spectat,
1461 2705 1603 2767 paris
1636 2709 1851 2749 censetur
1868 2701 2006 2766 J'uris
2036 2701 2091 2746 in
2123 2707 2250 2746 utro-

1240 2800 1327 2846 que
1370 2786 1566 2848 conjuye
1609 2800 1639 2830 a
1685 2780 1852 2830 Paulo,
1886 2780 1954 2828 Et
1985 2780 2080 2828 hoec
2121 2779 2250 2827 dicta

1240 2865 1339 2910 sint
1379 2863 1444 2911 ad
1479 2862 1874 2929 satisfaciendam
1912 2862 2164 2927 quaestioni
2188 2860 2244 2909 de

1239 2948 1568 2994 contrarietate
1585 2946 1812 2993 doctrinm
1830 2942 1983 2991 Pauli
1995 2942 2060 2990 ad
2078 2943 2249 2990 doctri-

1241 3046 1355 3077 nam
1382 3028 1584 3076 Christi.
1613 3028 1832 3076 Christus
1843 3028 1973 3074 enim
1997 3025 2142 3073 solam
2152 3024 2253 3086 sbr-

1223 3112 1502 3159 ‘nicationis
1548 3125 1744 3158 causam
1782 3109 1963 3172 excepit
2002 3104 2259 3172 solutionis.

1243 3193 1460 3257 conjuqii
1487 3191 1642 3255 quoad
1667 3188 1912 3238 vinca-lum
1939 3190 2083 3254 (juxta
2111 3202 2251 3251 pecu-

1245 3273 1400 3321 liarem
1423 3271 1634 3338 Cajetani
1660 3272 1952 3331 sententiam,
1974 3268 2031 3316 de
2062 3285 2152 3334 qua
2169 3284 2252 3332 po—

1248 3357 1402 3415 stea);
1450 3353 1632 3400 Paulus
1673 3359 1830 3398 autem
1860 3347 2054 3396 alteram
2088 3348 2253 3396 docens

1249 3452 1443 3482 causam
1463 3473 1475 3494 ,
1502 3435 1659 3492 docet,
1699 3447 1795 3479 non
1813 3447 1908 3478 esse
1935 3428 2081 3479 solam
2097 3430 2252 3494 forni-

1254 3518 1457 3565 cationis
1489 3531 1701 3562 causam.

168 3596 392 3663 ejusmodi
424 3599 747 3661 expositionem
789 3597 988 3660 Apostoli
1034 3597 1175 3645 menti
1242 3644 1245 3647 ,
