2612 4146
335 168 412 227 60

848 192 1171 235 TRAc'rA‘rUs
1216 196 1285 234 DE
1329 196 1595 239 nxrnnmA
1636 199 1940 243 Unc'rlolm.

335 336 564 396 confert
597 337 912 398 sanitatem
940 337 1225 419 corporiS,
1259 361 1328 398 eo
1363 341 1525 423 quod
1557 346 1764 408 animae
1797 348 1972 408 saluti
2010 372 2134 410 non
2163 352 2436 435 expediat
2456 399 2473 431 ,

335 453 468 491 eam
493 432 761 494 adhiberi
786 436 849 492 in
873 433 1088 494 animae
1114 433 1443 496 subsidium
1469 437 1545 497 ad
1573 444 1828 521 pacatius
1856 446 2234 508 moriendum
2257 449 2369 531 (l).

418 529 523 589 20.
570 530 659 589 Ad
697 529 815 602 3⁰²,
861 531 1022 589 Dist.
1059 530 1119 589 Si
1154 531 1462 613 Apostolus
1490 534 1774 597 voluisset
1805 561 2133 602 numerum
2171 544 2477 606 ministro-

335 644 471 682 rum
508 624 832 704 significare
853 669 868 699 ,
909 635 1137 695 trans.‚·
1173 627 1221 685 si
1262 630 1651 707 qualitatem,
1683 654 1812 713 neq.
1845 636 2096 697 Perinde
2125 639 2287 697 enim
2322 639 2479 699 valet

335 717 458 778 haec
478 718 759 800 loquendi
785 721 968 779 ratio:
1000 721 1274 783 [reducat
1304 725 1655 805 Pesbyteros
1684 729 1968 792 Ecclesioe
1987 779 2004 802 ,
2031 754 2097 792 ac
2120 734 2380 816 aliquem
2405 734 2479 794 de

335 814 598 875 Ecclesiae
635 815 994 898 presbyteris
1032 818 1159 900 (2),
1199 820 1283 879 uti
1320 841 1455 880 cum
1492 822 1776 883 dicimus:
1823 825 1938 899 Qui
1966 827 2118 888 male
2153 851 2215 889 se
2259 829 2474 907 habet,

334 910 593 970 medicos
613 924 869 972 accersat
886 959 904 989 ,
933 913 1031 975 vel
1053 926 1120 974 ut
1147 914 1414 976 Christus
1441 916 1687 1000 leprosis
1711 918 1861 979 dixit
1887 943 1903 981 ι
1934 921 2056 992 Ite,
2080 927 2358 986 ostendite
2384 948 2479 986 vos

333 1008 758 1069 Sacerdotibus
790 1008 881 1091 (3)
901 1055 917 1085 .,
950 1031 1087 1069 cum
1124 1023 1324 1072 tamen
1348 1012 1581 1094 exlegis
1606 1017 1944 1098 praescripto
1969 1018 2106 1078 satis
2136 1020 2317 1095 foret,
2341 1023 2390 1080 si
2418 1044 2479 1082 se

334 1102 431 1163 vel
446 1106 552 1164 uni
575 1116 809 1165 tantum
835 1106 1233 1168 ostendissent
1259 1109 1599 1192 (4).1taque
1625 1133 1731 1193 per
1758 1112 2062 1194 enallagen
2087 1116 2169 1175 ait
2184 1116 2475 1177 Jacobus:

345 1204 520 1262 Vocet
534 1205 920 1285 Presbyteros
935 1207 1252 1276 Ecclesioe‚·
1275 1206 1535 1290 alioquin
1552 1230 1757 1269 omncs
1785 1210 1962 1269 simul
1984 1212 2236 1272 vocandi
2258 1226 2474 1274 essent.

333 1300 505 1373 Quod
533 1302 582 1360 si
621 1302 897 1362 insistant
933 1302 1252 1365 adversarii
1288 1305 1350 1363 in
1378 1304 1592 1386 plurali
1627 1328 1912 1383 numero,
1952 1311 2292 1390 reponimus
2317 1357 2335 1384 ,
2370 1334 2481 1393 op-

332 1395 549 1456 timum
574 1398 817 1479 quidem
852 1420 975 1459 esse
994 1444 1010 1474 ,
1041 1411 1108 1458 ut
1140 1398 1339 1481 plures
1371 1399 1568 1459 adsint
1598 1401 1937 1463 Sacerdotes
1962 1404 2024 1462 in
2058 1404 2230 1483 hujus
2263 1408 2473 1466 Sacra-

333 1495 522 1552 menti
557 1494 1073 1556 administratione
1102 1494 1224 1575 (5),
1250 1496 1497 1555 minime
1536 1507 1739 1557 tamen
1772 1519 1847 1558 ex
1883 1499 2246 1560 Sacramenti
2272 1523 2478 1562 neces·-

332 1591 538 1664 sitateg
577 1590 718 1650 alias
748 1592 811 1650 in
850 1592 1011 1674 pagis
1043 1612 1109 1650 ac
1138 1591 1293 1651 villis
1313 1637 1329 1667 .,
1361 1592 1425 1650 in
1464 1591 1678 1674 quibus
1707 1595 2027 1676 saepissime
2057 1597 2295 1655 nonnisi
2325 1619 2478 1655 unus

334 1686 614 1747 Sacerdos
654 1709 757 1747 seu
797 1687 1089 1770 parochus
1131 1688 1477 1764 invenitur,
1523 1688 1722 1771 plures
1766 1702 1888 1750 tam
1932 1690 2176 1754 salutari
2217 1691 2482 1752 remedio

333 1805 531 1844 carere
562 1783 869 1846 deberent.

415 1881 518 1940 21.
570 1881 659 1942 Ad
699 1882 784 1941 [ιω
807 1928 823 1958 ,
864 1884 1036 1964 Resp.
1073 1882 1138 1939 1ο
1166 1881 1337 1941 Unde
1371 1881 1564 1940 sciunt
1592 1882 1950 1958 adversarii,
1979 1883 2211 1960 oleum,
2246 1883 2321 1945 de
2360 1907 2481 1967 quo

335 1976 599 2060 loquitur
619 1980 654 2038 J
659 1977 871 2039 acobus
891 2024 907 2054 ,
939 2000 1062 2037 non
1094 1978 1270 2037 fuisse
1300 1976 1721 2039 benedictum?
1748 1980 1987 2039 Certum
2013 1992 2131 2055 est,
2160 1979 2234 2040 ab
2262 1981 2477 2042 imme-

334 2074 610 2136 morabili
634 2088 903 2158 tempore
927 2097 1100 2136 usum
1127 2074 1241 2134 olei
1264 2072 1562 2135 benedicti
1588 2073 1663 2134 ad
1692 2076 1957 2136 infirmos
1989 2077 2291 2158 ungendos
2322 2077 2477 2138 obti-

334 2172 570 2247 nuisse,
607 2184 676 2231 ut
709 2183 875 2254 patet
909 2193 982 2230 ex
1014 2171 1356 2229 Innocentio
1397 2171 1418 2228 1
1452 2180 1629 2251 atque
1658 2192 1731 2230 ex
1766 2173 2169 2255 antiquissima
2205 2175 2330 2255 ipsa
2365 2176 2482 2233 olei

334 2271 535 2327 sancti
577 2267 973 2350 appellatione
997 2310 1015 2342 .,
1055 2286 1183 2348 quae
1222 2265 1286 2323 in
1329 2276 1579 2346 utraque
1623 2265 1870 2327 Ecclesia
1912 2267 2181 2328 orientali
2225 2280 2285 2328 et
2328 2270 2475 2329 occi-

336 2364 563 2425 dentali
594 2376 830 2448 recepta
859 2376 966 2424 est.

406 2562 474 2627 (l)
512 2562 710 2628 Ipsemet
746 2562 1071 2613 Rosenmiiller
1100 2562 1149 2612 id
1176 2562 1366 2622 fatetur,

334 2646 544 2695 scribens
561 2649 613 2694 in
629 2646 824 2695 scholiis
839 2646 1044 2710 adsshunc
1064 2646 1157 2695 loc.
1182 2645 1369 2694 Notum

334 2738 404 2777 est
425 2731 483 2777 in
503 2728 637 2777 Novo
673 2728 807 2777 Test.
836 2737 892 2776 ut
915 2731 972 2777 in
993 2732 1095 2778 vita
1118 2733 1368 2779 communi

334 2830 462 2879 soepe
482 2814 705 2861 universe
722 2813 995 2874 enuntiari,
1010 2813 1138 2877 quod
1158 2830 1270 2862 cum
1292 2831 1367 2862 re-

335 2897 584 2944 strictione
605 2894 976 2960 intelliqendum
997 2905 1085 2946 est.
1109 2894 1370 2945 Juvabunt

327 2996 496 3045 preces
531 2986 838 3044 oeqrotantem
855 3017 868 3036 ‚
901 2980 948 3026 si
973 2980 1021 3027 ei
1048 2980 1273 3045 expediat
1299 2980 1368 3027 ad

334 3048 538 3098 salutem
573 3057 802 3097 oeternam
819 3087 833 3106 ,
879 3065 1043 3097 omnes
1081 3057 1366 3115 oeqrotantes

337 3131 683 3197 Presbyterum
715 3148 801 3198 ope
836 3140 881 3180 et
909 3132 1141 3197 precihus
1176 3132 1364 3180 valetu-

336 3214 504 3262 dinem
532 3231 834 3281 recuperasse
853 3252 866 3275 ‚
890 3231 950 3262 ex
976 3213 1055 3262 his
1082 3214 1240 3263 verbis
1264 3231 1366 3264 non

335 3298 574 3361 sequitur.
592 3297 695 3349 cfr.
712 3295 950 3357 Serarius,
963 3313 1041 3362 op.
1053 3299 1136 3346 cit.
1154 3315 1258 3364 cap.
1283 3314 1360 3360 10,

337 3377 365 3445 §
404 3376 498 3442 104
526 3391 570 3428 et
596 3398 731 3447 seqq.

407 3463 472 3527 (2)
510 3462 610 3512 Cfr.
647 3463 800 3514 Estius
826 3466 877 3512 in
899 3464 1029 3513 hunc
1045 3463 1219 3513 locum.

407 3544 476 3610 (3)
515 3546 632 3595 Luc.
668 3564 791 3610 xvn,
833 3547 912 3613 14.

408 3628 476 3693 (14)
514 3627 645 3678 Lem
670 3646 778 3692 ΧΠ,
809 3646 858 3679 2.
893 3630 1059 3696 Negari
1085 3641 1244 3680 tamen
1274 3646 1360 3678 ne-

340 3713 476 3777 quit,
521 3711 633 3761 olim
678 3722 914 3777 receptum
956 3714 1098 3763 fuisse
1135 3716 1274 3763 etiam
1310 3716 1361 3763 in

1447 2560 1649 2610 Ecclesia
1675 2561 1844 2621 latina,
1869 2573 1920 2611 ut
1949 2560 2300 2612 Sacramentum
2324 2563 2413 2612 hoc
2448 2581 2473 2612 a

1445 2644 1665 2709 pluribus
1693 2644 2021 2694 Sacerdotibus
2052 2645 2470 2704 administraretur,

1445 2729 1659 2792 quamvis
1678 2764 1692 2787 ,
1725 2737 1778 2775 ut
1820 2737 1976 2791 postea
2009 2727 2340 2786 ostendemus,
2374 2743 2471 2773 non

1447 2809 1602 2856 desint
1622 2808 1833 2873 exempla
1849 2809 1907 2857 de
1920 2809 2239 2857 administrata
2257 2807 2471 2857 Extrema

1449 2889 1680 2938 Unctione
1711 2890 1769 2938 ab
1798 2908 1893 2938 uno
1921 2889 2185 2939 Sacerdote.

1522 2974 1590 3037 (ὅ)
1626 2972 1736 3022 Dixi
1761 2972 1927 3021 adsint
1955 2975 2052 3022 sive
2078 2974 2341 3032 intersint,
2373 2991 2470 3021 non

1449 3068 1604 3106 autem
1625 3067 1680 3105 ut
1708 3056 2054 3105 administrent
2068 3077 2088 3115 ;
2116 3058 2348 3123 siquidem
2367 3095 2381 3116 ‚
2417 3068 2471 3105 ut

1450 3138 1660 3188 observat
1687 3138 1866 3188 Bened.
1898 3157 1980 3188 xlv
1999 3176 2014 3199 ‚
2032 3157 2162 3188 nunc
2192 3142 2242 3187 in
2263 3138 2469 3189 Ecclesia

1445 3222 1591 3270 latina
1620 3224 1814 3271 vetitum
1843 3232 1912 3271 est
1927 3222 1985 3270 ab
2003 3223 2094 3271 alio
2124 3240 2270 3288 quam
2294 3224 2352 3270 ab
2372 3241 2467 3271 uno

1441 3303 1687 3353 Sacerdote
1707 3342 1721 3365 ,
1742 3321 1913 3369 nempe
1941 3305 2144 3370 parocho
2164 3343 2176 3365 ‚
2199 3305 2467 3354 Sacramen-

1441 3397 1543 3435 tum
1586 3387 1712 3436 istud
1746 3387 2055 3435 administrari
2099 3388 2159 3436 ob
2195 3389 2466 3454 justissimas

1440 3486 1629 3530 causas,
1664 3488 1778 3536 quas
1807 3470 2018 3519 adducit.
2052 3470 2278 3519 Hortatur
2311 3480 2465 3518 tamen

1439 3550 1644 3600 Ecclesia
1661 3589 1675 3611 ‚
1693 3562 1773 3612 ut,
1794 3553 1947 3617 quoad
1962 3556 2062 3619 ejus
2081 3554 2178 3602 fieri
2196 3561 2372 3617 potest,
2388 3551 2465 3599 alii

1439 3635 1655 3682 intersint
1701 3633 1972 3683 Sacerdotes
2018 3646 2099 3684 aut
2137 3635 2292 3684 clerici
2318 3668 2334 3693 ,
2384 3643 2467 3681 aut

1438 3719 1580 3766 etiam
1596 3718 1660 3782 pii
1678 3716 1781 3766 laici
1802 3752 1818 3776 ,
1850 3728 1897 3766 ut
1918 3718 2205 3767 orationibus
2223 3716 2465 3765 infirmum
