2508 4120
263 61 382 122 328
896 83 1218 122 ‘remu-rus
1261 85 1330 120 nn
1374 84 1556 122 mum
1565 85 1754 124 nomo.

259 248 397 287 cum
417 228 768 286 Hincmarus
791 221 1139 283 Rhemensis
1166 223 1481 284 falsitatem
1505 224 1719 285 harum
1742 226 2125 292 decretalium
2145 280 2162 310 ,
2194 235 2403 295 eodem

256 345 373 405 quo
413 318 762 402 prodierunt
796 318 1030 395 seculo,
1072 320 1384 380 ostendere
1433 319 1545 380 sibi
1588 324 1946 404 sumpserit,
1991 343 2405 406 argumentum

258 417 525 478 omnium
563 414 1031 491 validissimum,
1076 416 1237 499 quod
1267 438 1339 476 ex
1378 438 1698 499 perperam
1746 419 1966 480 tributa
2007 421 2269 486 Ecclesiae
2295 449 2406 510 po-

254 522 466 572 testate
483 511 809 592 legislativa
835 513 898 572 in
915 513 1362 596 impedimentis
1386 514 1803 575 dirimentibus
1833 518 2263 581 constituendis
2284 526 2407 584 erui

253 619 488 692 poterat
520 609 587 668 in
616 608 1087 672 adversariorum
1118 611 1387 693 hypotesi
1406 657 1421 686 ,
1458 633 1534 672 ne
1571 613 1829 692 attigerit
1859 613 2129 695 quidem..

1073 804 1485 860 PROPOSITIO
1526 807 1593 861 V.

254 954 527 1013 Ecclesia
575 953 703 1011 sola
729 956 873 1030 jure
898 957 1157 1033 proprio
1199 964 1258 1011 et
1285 958 1630 1034 oriqinario
1660 965 1854 1034 potest
1894 960 2244 1016 constituere
2286 963 2407 1018 im-

326 1051 686 1130 pedimenta
701 1049 1182 1109 Matrimonium
1202 1051 1564 1110 dirimentia
1581 1094 1602 1123 ,
1626 1073 1762 1131 quoe
1778 1054 2003 1112 seilicet
2018 1054 2413 1114 illacrimonii

337 1147 657 1207 vinculum
693 1145 980 1224 afficiant.

338 1340 487 1401 226.
536 1341 637 1400 Est
662 1351 819 1401 certa
864 1340 991 1401 haec
1023 1342 1348 1424 propositio
1370 1387 1385 1417 ,
1419 1353 1488 1402 ut
1528 1352 1730 1426 aperte
1767 1341 2057 1423 colligitur
2082 1365 2153 1404 ex
2177 1365 2303 1404 can.
2331 1344 2405 1404 lv

255 1437 523 1519 superius
565 1437 810 1496 recitato
855 1436 1098 1497 Concilii
1137 1436 1504 1512 Tridentini,
1555 1450 1615 1497 et
1657 1460 1730 1498 ex
1775 1459 2019 1498 censura
2060 1442 2235 1521 Prop.
2285 1441 2404 1499 LIX

255 1532 466 1612 synodi
504 1533 873 1591 pistoriensis
917 1533 981 1590 in
1015 1533 1320 1591 constitut.
1359 1533 1683 1592 Auctorem
1717 1535 1901 1614 fidei,
1945 1544 2004 1592 et
2039 1535 2303 1615 sequitur
2333 1556 2403 1595 ex

255 1626 616 1710 praecedenti
647 1649 827 1709 quam
860 1627 1293 1688 vindIcavimus
1326 1628 1741 1710 propositione.

337 1724 483 1784 227.
534 1723 625 1783 Ad
649 1723 941 1783 tollendas
958 1745 1135 1805 porro
1152 1723 1563 1803 ambiguitates
1591 1724 1741 1783 circa
1759 1745 1968 1785 verum
1990 1724 2403 1805 propositionis

253 1840 492 1880 sensum
514 1863 530 1893 .,
563 1818 883 1896 adjecimus
924 1818 1105 1879 verba
1142 1818 1242 1877 illa
1275 1841 1290 1877 ε
1330 1820 1477 1900 Quoe
1503 1822 1731 1879 seilicet
1758 1820 2156 1879 ffIatrimom‘i
2193 1826 2406 1880 vincu-⁴

254 1919 388 1976 lum
431 1916 735 1995 afficiant;
791 1914 1006 1997 quibus
1063 1915 1389 1995 significare
1438 1915 1843 1990 intendimus7
1893 1915 2276 1997 quaestionem
2313 1916 2409 1976 hic

255 2007 506 2072 minime
542 2011 772 2070 institui
795 2010 868 2071 de
900 2033 993 2086 6ο,
1034 2011 1192 2093 quod
1209 2013 1344 2090 jure
1367 2013 1609 2094 proprio
1638 2011 1819 2072 seculi
1849 2012 2146 2093 Principes
2176 2014 2406 2072 consti-

256 2122 424 2170 tuere
475 2109 700 2191 possint
752 2109 903 2167 circa
963 2120 1335 2167 contractum
1390 2108 1755 2188 conjugalem
1777 2153 1791 2182 ,
1843 2121 2021 2190 prout
2073 2120 2405 2168 contractus

255 2205 441 2267 civilis
479 2225 545 2263 ac
588 2203 859 2287 politicus
898 2214 1217 2286 spectatur.
1253 2203 1421 2262 Ultro
1443 2205 1603 2264 enim
1629 2204 1872 2278 damuS‚
1902 2205 2198 2286 Principes
2237 2227 2404 2286 posse

258 2301 335 2363 ad
359 2301 586 2370 bonum
608 2300 923 2374 societatiQ
942 2299 1032 2357 cui
1047 2311 1343 2382 praesunt,
1367 2299 1523 2380 leges
1549 2299 1726 2374 ferre,
1751 2299 1964 2381 quibus
1981 2302 2244 2381 conjugia
2274 2300 2405 2360 sub·

260 2399 522 2458 ditorum
559 2396 798 2480 politice
833 2395 1096 2477 legitima
1121 2398 1268 2456 fiant
1289 2442 1306 2472 ,
1354 2408 1415 2456 et
1439 2417 1506 2456 ea
1545 2397 1898 2455 constituere
1921 2441 1937 2472 7
1975 2418 2104 2478 quae
2137 2408 2405 2478 spectent

259 2495 336 2555 ad
377 2491 898 2575 civilesleffeetus,
942 2493 1333 2552 successiones
1387 2513 1644 2574 nempe,
1690 2491 1929 2566 dotem,
1976 2492 2351 2553 haereditates
2383 2540 2400 2569 ,

262 2591 492 2673 aliaque
509 2590 814 2670 ejusmodi,
833 2609 961 2672 quae
985 2588 1228 2652 vinculo
1252 2589 1617 2649 Matrimonii
1639 2589 1966 2648 extrinseca
1983 2601 2141 2648 sunt.
2166 2590 2401 2669 Agimus

255 2698 570 2771 propterea
596 2688 669 2747 de
706 2708 811 2762 ec,
847 2685 1005 2768 quod
1035 2685 1458 2745 matrimoniali
1487 2686 1812 2745 contractui
1849 2687 2129 2744 intimum
2153 2697 2271 2759 est,
2306 2686 2400 2766 ip-

259 2805 508 2866 sumque
525 2784 855 2866 constituit7
889 2803 1107 2863 nempe
1137 2781 1211 2840 de
1242 2781 1499 2857 vincu10,
1522 2782 1585 2839 iu
1614 2802 1728 2862 quo
1753 2801 1824 2839 ex
1848 2781 2018 2840 dictis
2044 2781 2401 2840 Matrimonii

258 2882 507 2940 essentia
542 2880 825 2939 consistit.

339 2977 484 3037 228.
534 2978 666 3036 Non
708 2976 908 3058 pauci,
956 2988 1023 3034 ut
1057 2975 1396 3052 innuimuQ
1434 2974 1759 3056 praesertim
1806 2995 1878 3034 ex
1912 2973 2096 3034 Gallia
2127 2974 2401 3056 Theologi

263 3073 639 3134 contendunt
656 3118 672 3148 ,
709 3084 1045 3153 competere
1063 3070 1435 3154 Principibus
1457 3093 1793 3152 supremam
1814 3083 1873 3131 et
1896 3071 2400 3153 independentem

259 3181 620 3251 potestatem
640 3167 938 3229 statuendi
963 3168 1389 3250 impedimenta
1414 3169 1860 3228 Matrimonium
1883 3168 2217 3228 dirimentia
2236 3189 2399 3251 aequo

259 3333 288 3401 ἓ
333 3335 405 3397 1).
433 3335 654 3385 Ceterum
688 3336 773 3385 cfr.
809 3352 909 3401 quae
939 3334 998 3383 de
1023 3333 1113 3382 hac
1146 3333 1289 3382 Isido-
1380 3335 1438 3382 de
1471 3335 1689 3398 antiquis
1732 3341 1831 3381 tum
1875 3334 2019 3381 editis
2059 3343 2164 3382 tum
2204 3333 2405 3381 ineditis

259 3421 387 3466 riana
418 3418 691 3468 collectione
721 3420 1002 3485 scripserunt
1037 3417 1292 3465 doctissimi
1375 3413 2398 3483 collecticmibuscanonum‚part.111‚cap.6,

265 3503 425 3550 fratres
451 3500 705 3562 Bauer-inii,
729 3505 777 3550 in
793 3501 1048 3568 appendice
1072 3500 1130 3549 ad
1148 3501 1292 3549 sancti
1378 3503 1634 3566 praesertim
1666 3518 1771 3550 vero
1799 3498 1827 3566 ἓ
1853 3500 1881 3548 3
1914 3512 1957 3550 et
1979 3518 2110 3566 seqq.

268 3585 437 3634 Leonis
487 3601 654 3649 opera,
693 3583 861 3634 Venet.
917 3581 1076 3650 1757,
1130 3580 1291 3631 Traet.
