2612 4146
2184 195 2260 254 39

801 221 868 256 ΒΕ
895 212 1182 258 'montena
1189 219 1247 257 '1⁸1
1254 218 1404 257 ARUM
1447 217 1569 256 USU.

940 361 1344 415 PROPOSITIO
1381 361 1476 417 IV.

151 530 552 611 Indulgentiae
609 534 917 608 applicari
970 535 1150 589 etiam
1203 540 1452 610 possunt
1503 550 1616 608 per
1669 530 1916 589 modam
1974 531 2259 608 suffi‘aqii

563 627 893 684 animabus
933 628 1004 683 in
1047 626 1415 704 Purqatorio
1457 624 1830 703 deqentihus.

235 841 334 901 74.
386 842 552 900 Certa
581 840 704 899 haec
734 851 823 900 est
845 838 1164 922 propositio
1183 882 1200 911 ,
1230 858 1338 897 nec
1359 837 1482 896 sine
1514 839 1859 898 temeritatis
1889 851 2029 899 nota
2060 841 2122 899 in
2148 841 2261 900 du-

153 935 319 995 bium
345 936 603 995 revocari
636 946 860 1016 potestt,
900 936 1172 993 Summus
1205 931 1366 992 enim
1408 932 1675 991 Pontifex
1702 934 1838 992 Pius
1868 936 1976 1010 vl,
2016 939 2078 994 in
2107 957 2263 1018 saepe

151 1030 390 1090 laudata
417 1031 647 1089 constit.
687 1030 1007 1088 Auctorem
1034 1028 1183 1104 fidei
1196 1070 1221 1100 ,
1262 1038 1569 1108 sequentes
1598 1027 2022 1109 propositiones
2055 1030 2264 1110 synodi

158 1126 522 1185 Pistoriensis
548 1123 912 1205 proscripsit,
936 1121 1152 1181 scilicet
1171 1123 1319 1181 XLII
1340 1145 1353 1180 :
1383 1122 1533 1182 Item
1558 1127 1627 1180 in
1654 1144 1715 1181 eo
1737 1124 1899 1202 quod
1912 1127 2268 1202 superaddit

158 1221 182 1297 (
206 1221 469 1301 Synodus
491 1218 514 1298 )
533 1263 548 1291 .,
590 1219 925 1276 luctuosius
951 1218 1151 1277 adhuc
1187 1239 1303 1277 esse
1322 1263 1340 1291 .,
1383 1219 1546 1303 quod
1565 1219 1893 1277 chz'merz‘ca
1929 1202 2129 1278 isthcec
2151 1242 2265 1299 ap«

146 1317 398 1395 plicatio
427 1314 756 1390 transferri
781 1315 961 1371 volita
995 1315 1076 1371 sit
1099 1317 1166 1370 in
1194 1313 1500 1392 defunctos
1515 1337 1535 1380 ;
1559 1334 1685 1394 quae
1719 1311 2048 1372 declaratur
2063 1316 2229 1392 falsa
2243 1356 2265 1386 ,

153 1412 472 1468 temeraria
496 1452 512 1481 .,
533 1412 796 1487 piarum
819 1413 1078 1467 aurium
1111 1409 1392 1488 offensiva
1407 1452 1429 1481 ,
1465 1412 1536 1467 in
1572 1410 1879 1468 Romanos
1911 1411 2263 1487 Pontifices,

150 1512 208 1561 et
227 1507 569 1582 e‘npraoeim
589 1513 644 1560 et
662 1524 904 1561 sensum
923 1505 1284 1563 universalis
1303 1505 1586 1580 Ecclesiae
1606 1507 1910 1582 injuriosa
1926 1547 1948 1577 ,
1977 1505 2265 1564 inducens

151 1602 222 1656 in
255 1619 518 1658 errorem
547 1599 879 1657 hoeretz‘calz'
900 1610 1041 1658 nota
1063 1602 1133 1658 in
1161 1599 1340 1659 Petro
1368 1600 1438 1658 de
1466 1600 1649 1659 Osma
1674 1601 1975 1678 confictum
1988 1642 2011 1672 ,
2039 1604 2266 1659 iterum

153 1693 517 1751 damnatum
535 1698 739 1751 mart.
767 1693 964 1753 XXII
980 1695 1228 1753 Lutheri
1241 1719 1257 1767 ς
1283 1706 1343 1753 et
1359 1695 1592 1754 XL111⁸¹¹¹
1615 1716 1628 1752 :
1652 1694 1732 1754 In
1747 1716 1809 1753 eo
1824 1695 2091 1766 demum,
2111 1695 2272 1773 qaod

152 1778 663 1868 impudentissime
692 1793 997 1848 invehitur
1033 1794 1104 1848 in
1136 1791 1380 1849 tabellas
1414 1790 1948 1870 Indulyentz'arum
1975 1834 1991 1864 ,
2038 1791 2266 1848 altaria

145 1888 539 1964 privileqz‘ata
553 1926 577 1956 ,
614 1895 719 1943 etc.
758 1890 1122 1957 temeraria,
1153 1890 1411 1966 piarum
1441 1890 1698 1944 aurium
1732 1886 2050 1964 ostensiva,
2083 1905 2267 1943 scan-

156 1980 358 2037 dalosa
383 2024 399 2052 ,
439 1985 510 2037 in
552 1981 829 2038 Summos
862 1980 1179 2059 Pontifices
1225 1991 1401 2059 atque
1436 1985 1506 2038 in
1534 1985 1788 2059 praxim
1828 1991 1946 2038 tota
1993 1980 2266 2039 Ecclesia

150 2078 595 2152 frequentatam
633 2077 1076 2134 contumeliosa.

240 2168 339 2226 75,
390 2169 652 2228 Diximus
687 2180 919 2243 autem,
941 2171 1058 2249 per
1092 2170 1332 2230 modum
1369 2170 1656 2250 suffragii
1675 2168 1950 2251 applicari
1974 2188 2142 2250 posse
2178 2169 2270 2226 In-

122 2313 127 2316 .
161 2262 486 2343 dulgentias
510 2262 815 2322 animabus
833 2265 894 2321 in
917 2265 1252 2344 Purgatorio
1277 2263 1619 2343 degentibus
1636 2310 1652 2339 7
1677 2265 1811 2345 quia
1835 2263 2080 2341 Ecclesia
2107 2261 2271 2321 nulla

153 2358 552 2436 jurisdictione
585 2359 646 2417 in
681 2358 786 2418 has
822 2360 1045 2419 animas
1087 2359 1333 2439 gaudet3
1365 2359 1626 2441 adeoque
1650 2358 2030 2438 Indulgentiae
2050 2402 2067 2432 ,
2094 2357 2273 2417 etiam

163 2466 339 2534 prout
364 2454 437 2514 ab
463 2454 706 2514 Ecclesia
731 2455 1151 2531 conceduntur,
1177 2454 1369 2536 quoad
1393 2455 1497 2514 has
1522 2457 1644 2536 pias
1669 2455 1892 2513 animas
1907 2475 2028 2512 non
2053 2451 2276 2511 habent

163 2548 276 2605 nisi
309 2550 430 2609 vim
472 2550 895 2630 impetrationis
933 2572 1035 2609 seu
1071 2551 1346 2609 orationis
1372 2594 1390 2623 ‚
1438 2561 1726 2631 quatenus
1765 2569 1981 2629 nempe
2027 2545 2275 2606 Ecclesia

167 2644 289 2701 Deo
324 2642 495 2702 offert
519 2644 725 2703 merita
750 2643 968 2702 Christi
995 2654 1054 2702 et
1090 2643 1492 2703 membrorum
1533 2644 1713 2724 ipsius
1744 2653 1864 2701 tam
1904 2642 2276 2722 regnantium

164 2877 342 2925 semper
370 2863 421 2908 in
451 2859 653 2909 Ecclesia
683 2879 787 2910 eam
817 2861 1100 2920 obtinuisse,
1125 2872 1176 2909 ut

1257 2829 1490 2910 memoriae
1517 2861 1724 2926 prodidit
1749 2859 1964 2909 Clemens
1999 2859 2132 2910 Alex.
2153 2861 2279 2926 apud

163 2952 336 2990 constat
364 2960 418 2991 ex
445 2943 592 2991 allatis
624 2944 914 2992 documentis
945 2943 1030 2992 SS.
1063 2943 1172 2991 Am-

1259 2943 1510 2991 Eusebium
1527 2978 1543 3004 ‚
1562 2941 1703 2992 Hist.
1725 2941 1837 2991 eccl.
1857 2941 1946 2990 lib.
1971 2957 2046 3003 ιιι,
2066 2959 2170 3007 cap.
2190 2941 2273 3001 23,

161 3020 303 3071 brosii
329 3035 375 3073 et
402 3024 599 3074 Joannis
633 3025 947 3092 Chrysostomi
967 3064 980 3086 ‚
1011 3030 1107 3074 imo
1130 3034 1178 3074 et

174 3121 229 3152 ex
281 3104 564 3155 Tertulliano
585 3141 600 3160 ‚
658 3106 889 3173 Cypriane
915 3144 928 3167 ‚
978 3107 1181 3172 Ecclesia

174 3183 472 3250 Lugdunensi
481 3224 493 3247 ,
503 3187 556 3235 E
548 3190 664 3254 pist.
677 3187 1006 3255 adEpiscopos
1020 3189 1176 3248 Amin,

177 3265 389 3332 aliisque,
420 3286 522 3335 quae
545 3271 742 3337 longum
765 3281 882 3319 esset
912 3288 1143 3319 recensere
1163 3307 1177 3330 ‚

166 3362 234 3406 ¹ex
254 3345 421 3411 quibus
449 3361 624 3398 constat
648 3352 903 3399 doctrinam
919 3351 1040 3399 hanc
1062 3351 1179 3398 duo·-

179 3426 266 3474 bus
304 3430 536 3495 principiis
570 3434 706 3480 inniti
739 3467 754 3492 ‚
795 3432 1182 3481 satisfactionibus

179 3507 345 3556 Christi
384 3521 428 3558 et
464 3511 735 3562 Sanctorum
756 3551 770 3574 ,
809 3524 854 3561 et
888 3516 938 3563 in
967 3524 1184 3579 potestate

179 3590 379 3638 clavium
423 3594 576 3658 quoad
623 3612 778 3644 earum
809 3596 1183 3661 applicationem.

1259 3025 1317 3074 de
1341 3024 1421 3072 illo
1436 3025 1609 3072 latrone
1625 3035 1669 3073 et
1684 3023 1916 3072 homicida
1934 3059 1948 3079 ‚
1965 3025 2040 3071 cui
2067 3020 2160 3088 jam
2177 3040 2275 3087 poe-

1253 3102 1426 3154 nitenti
1451 3105 1500 3154 S.
1527 3105 1728 3155 Joannes
1770 3103 2066 3170 Evangelista
2096 3103 2276 3152 satisfa-

1262 3190 1435 3236 ctiones
1464 3203 1569 3236 suas
1593 3205 1640 3235 se
1683 3188 2137 3236 communicaturum
2167 3203 2274 3250 spo-

1264 3269 1485 3334 ponderat
1511 3270 1601 3317 illis
1643 3269 1793 3317 verbis
1820 3285 1836 3316 ε
1879 3265 1989 3330 qu
2007 3282 2100 3332 pro
2125 3275 2168 3314 te
2199 3279 2279 3314 sa*

1263 3350 1509 3415 tisfaciam
1539 3350 1729 3399 Christo
1744 3369 1763 3407 ;
1778 3359 1823 3398 et
1849 3350 2077 3398 orationes
2104 3349 2282 3413 proillo

1263 3431 1355 3499 iam
1398 3434 1642 3497 poenitente
1686 3431 1858 3479 fudisse
1885 3464 1903 3491 ,
1951 3438 1999 3478 et
2038 3431 2284 3478 continuis

1252 3515 1469 3580 jejuniis
1483 3530 1585 3563 ima
1614 3529 1725 3561 cum
1751 3528 1804 3561 eo
1825 3528 1874 3559 se
1899 3527 2163 3560 macerasse
2183 3549 2197 3572 ‚
2229 3513 2280 3558 in

1270 3599 1538 3662 promissam
1563 3596 1927 3645 satisfactionum
1969 3596 2287 3644 communica-

182 3670 286 3720 Huc
299 3676 438 3721 etiam
455 3675 647 3723 refertur
662 3676 840 3726 celebre
858 3678 1049 3738 factum,
1067 3678 1191 3744 quod
1279 3680 1476 3726 tionem.
1508 3698 1517 3709 ·
