2508 4120
288 70 409 132 288

928 88 1250 127 TRAGTATUS
1294 89 1361 125 DE
1407 87 1780 130 turnucum.

288 237 599 295 Summum
626 229 982 312 principium
1011 251 1182 291 novae
1218 229 1391 308 hujus
1423 229 1803 310 legislationis
1837 235 2277 297 matrimonialis
2315 240 2410 295 in-

289 331 497 390 nititur
527 327 591 384 in
628 347 728 401 eo⁷
766 325 923 407 quod
962 326 1441 386 Matrimonium
1486 329 1568 384 sit
1601 328 1799 386 civilis
1830 337 2194 402 contractus,
2230 355 2303 392 ao
2343 342 2415 392 ut

288 427 426 483 talis
460 445 499 481 a
530 427 802 500 paritate
834 423 1097 481 aliorum
1139 432 1561 481 contractuum
1598 432 1654 480 et
1670 433 1994 501 pactorum
2020 445 2061 482 a
2089 429 2256 486 civili
2276 433 2412 508 foro

287 522 417 598 reyi
448 519 690 589 debeat,
734 517 977 596 ideoque
1011 519 1197 576 solum
1228 520 1564 597 imperium
1603 520 1775 576 eivile
1803 539 1975 588 vera,
2006 520 2079 577 id
2097 530 2210 590 est,
2254 523 2414 583 diri-

285 619 545 684 mentia,
578 624 650 672 ut
671 614 915 682 dieunt,
944 614 1337 673 Matrimonii
1380 614 1811 693 impedimenta
1846 625 2103 674 statuere
2140 626 2197 674 et
2236 619 2306 675 in
2335 622 2414 684 iis

286 711 634 788 dispensare
652 712 844 789 possit
863 708 973 790 (1).
1011 708 1274 768 Ecclesiae
1301 731 1373 768 ex
1398 708 1506 768 hae
1540 709 1958 768 constitutione
1992 710 2053 769 id
2081 732 2267 769 unum
2289 732 2418 793 per·

286 805 566 878 mittitur,
587 815 653 863 ut
666 805 848 886 possit
860 814 1165 884 prceoepta
1189 805 1469 883 quoedam
1482 805 1851 882 prohibitiva
1868 805 2219 865 constituere
2239 850 2256 882 ,
2285 827 2416 887 quae

286 899 629 979 religionem
666 910 725 959 et
763 921 954 959 mores
1002 910 1395 982 promoveant
1441 899 1513 958 ad
1551 898 2014 960 conservandam
2049 901 2415 962 Sacramenti

286 995 646 1056 Matrimonii
673 995 1044 1075 dignitatem.
1088 994 1393 1076 imperiale
1424 994 1665 1077 Josephi
1699 995 1956 1054 edictum
1991 994 2188 1076 plures
2213 996 2416 1056 intulit

285 1090 757 1173 perturbationes
778 1136 794 1166 ,
835 1113 900 1150 ac
932 1091 1283 1150 diuturnum
1308 1100 1576 1150 exortum
1608 1089 1745 1150 inde
1775 1102 1863 1149 est
1891 1101 2186 1150 certamen
2210 1136 2226 1166 ‚
2257 1090 2416 1173 quod

286 1186 476 1247 effecit
494 1233 509 1262 7
550 1199 617 1245 ut
655 1189 1179 1266 dispensationum
1216 1185 1740 1246 matrimomalium
1764 1198 2017 1266 systema
2045 1187 2197 1246 intra
2225 1187 2290 1246 40
2315 1209 2415 1247 an-

286 1304 395 1342 nos
431 1281 649 1365 pluries
685 1293 1014 1342 mutaretur
1040 1282 1153 1363 (2).

372 1378 511 1437 160.
562 1377 962 1457 Legislationis
982 1378 1291 1437 Austriacae
1314 1377 1599 1459 principia
1622 1376 1888 1459 pluribus
1912 1377 2211 1439 adstruere
2230 1399 2295 1437 ac
2317 1377 2415 1440 de-

292 1474 530 1535 fendere
548 1475 900 1556 professores
919 1520 934 1549 ,
960 1495 1253 1533 canonum
1281 1485 1341 1533 et
1364 1473 1640 1552 Theologi
1668 1476 1704 1533 J
1707 1474 2156 1533 ansenianorum
2183 1474 2412 1555 placitis

285 1569 501 1629 addicti
537 1570 650 1628 nisi
676 1580 853 1642 sunt,
887 1570 1041 1628 inter
1088 1591 1232 1650 quos
1265 1570 1326 1626 in
1368 1568 1558 1647 Belgio
1602 1590 1724 1626 non
1769 1567 1997 1628 obtinet
2045 1580 2414 1650 postremum

286 1666 483 1727 locum
506 1668 581 1727 Le
601 1666 730 1726 Plat
747 1665 855 1746 (3),
881 1668 943 1724 in
967 1665 1129 1725 ltalia
1149 1666 1408 1745 Aloysius
1426 1666 1574 1725 Litta
1597 1665 1712 1747 (4),
1733 1667 1938 1725 Petrus
1963 1665 2304 1725 Tamburini
2321 1666 2411 1746 (5)

358 1930 427 1995 (l)
475 1928 575 1978 Cfr.
637 1927 694 1976 V
691 1927 971 1993 ellstandiqe
1016 1927 1304 1992 Sammlnny

287 2011 405 2062 aller
441 2010 500 2061 V
494 2011 829 2076 erordnunqen
855 2010 958 2058 und
990 2012 1189 2061 Gesetze
1220 2011 1308 2059 Jo-

288 2092 444 2160 seph's
467 2093 548 2141 des
571 2091 821 2158 Zweyten‚
840 2111 919 2141 seu
946 2092 1193 2158 Completa
1212 2092 1307 2140 eol-

290 2176 423 2226 leetz'o
465 2177 686 2224 omnium
734 2175 1025 2222 decretorum
1067 2183 1114 2222 et
1151 2174 1307 2238 lequm

288 2256 489 2323 Joeephi
525 2275 591 2317 u,
622 2256 758 2306 Vien.
795 2254 941 2322 1788.

359 2340 429 2403 (2)
461 2339 712 2388 Historiam
743 2339 1144 2404 dispensationum
1175 2341 1307 2404 juxta

288 2424 444 2488 plures
460 2423 653 2487 epochas
673 2422 856 2486 digessit
869 2421 1071 2469 Thomas
1081 2421 1308 2480 Dolliner,

289 2508 341 2553 in
357 2523 492 2570 opere
520 2508 600 2554 eit.
629 2504 916 2553 Handbueh
939 2505 1019 2552 des
1044 2506 1098 2551 in
1119 2503 1311 2551 Oester·

293 2586 423 2635 reich
455 2586 706 2652 qeltenden
735 2585 996 2636 Ehereehcs
1023 2624 1036 2646 ‚
1075 2605 1158 2635 seu
1196 2585 1312 2634 Μα-

290 2667 434 2716 nuale
450 2670 590 2734 juris
622 2668 996 2717 matrimonialis
1025 2670 1083 2715 in
1106 2666 1314 2715 Austria

291 2752 500 2814 viqentis
522 2789 535 2810 ‚
572 2769 676 2816 pag.
710 2748 810 2813 234
831 2787 844 2810 ,
875 2750 1013 2799 Vien.
1055 2747 1198 2812 1814.
1228 2749 1313 2797 Le·-

291 2833 577 2899 gislationem
597 2833 986 2881 matrimonialem
1002 2829 1309 2886 Austriacam‚

292 2917 358 2964 rei
383 2923 548 2964 natura
574 2917 783 2980 inspecta
810 2924 856 2962 et
869 2913 1113 2962 catholicis
1141 2914 1314 2977 princi-

292 2999 381 3062 piis
413 2999 624 3063 expensis
644 3033 658 3056 ‚
690 3006 897 3045 recenter
918 3012 1074 3043 severo
1106 2995 1310 3042 examini

295 3079 493 3146 subjecit
546 3078 738 3128 celebris
774 3077 843 3126 De
869 3077 1008 3142 Moy,
1055 3080 1105 3125 in
1154 3079 1316 3141 exiguo

295 3162 486 3228 quidem
508 3171 577 3210 ast
610 3162 781 3209 summi
805 3162 935 3225 pretii
956 3159 1138 3219 libello,
1173 3176 1314 3224 quem

296 3245 528 3309 inscripsit
557 3261 569 3292 ε
616 3241 675 3291 V
670 3260 733 3292 on
771 3242 856 3290 der
903 3241 1043 3300 Ehe,
1078 3240 1183 3287 und
1232 3240 1316 3287 der

296 3323 513 3392 Stellunq
523 3327 607 3375 der
619 3325 960 3376 Katholisehen
978 3323 1162 3373 Kirohe
1186 3361 1199 3383 ‚
1221 3333 1312 3373 etc.

298 3424 380 3456 seu
415 3407 494 3455 De
527 3409 852 3458 Matrimonio
887 3417 931 3456 et
954 3406 1012 3455 de
1042 3405 1314 3455 conditione

298 3488 542 3541 catholicoe
562 3490 613 3539 E
614 3491 794 3540 colesioe
811 3493 868 3539 in
886 3488 1154 3538 Germania
1171 3487 1315 3535 relate

298 3569 363 3619 ad
377 3570 461 3620 hoc
471 3569 742 3635 disciplima
750 3567 1155 3638 eaput,Landshut
1171 3585 1187 3617 1
1199 3566 1315 3630 830,

1392 1945 1485 1994 quo
1511 1928 1600 1976 sibi
1634 1946 1849 1994 magnam
1876 1929 2011 1978 famae
2031 1929 2413 1978 existimationem

1392 2011 1686 2074 comparavit.

1463 2092 1527 2155 (3)
1580 2091 1679 2140 Cfr.
1715 2090 1800 2140 W
1799 2090 2056 2139 ienerische
2091 2090 2413 2154 Kirehenzei-

1392 2182 1513 2237 tany
1528 2211 1542 2233 ,
1561 2190 1639 2221 seu
1659 2171 2001 2238 Epkemerides
2035 2171 2149 2222 ecel.
2187 2171 2244 2219 V
2241 2172 2407 2222 indob.

1392 2272 1444 2303 n.
1473 2252 1541 2318 44
1560 2292 1573 2314 ,
1601 2253 1744 2321 1785.

1464 2335 1530 2400 (4)
1570 2336 1625 2383 In
1657 2352 1737 2400 op.
1780 2334 1881 2384 Del
1914 2335 2080 2383 diritto
2119 2334 2174 2382 di
2198 2334 2411 2383 stabilire

1393 2417 1730 2483 impedimenti
1746 2416 1996 2466 dirimente·
2011 2417 2049 2466 il
2069 2414 2406 2479 Matrimonio‚

1396 2502 1570 2550 Milano
1603 2498 1750 2567 1782.

1468 2583 1539 2653 (5)
1573 2583 1644 2632 In
1684 2583 2073 2651 praelectionibus
2109 2584 2166 2633 de
2202 2584 2413 2647 justitia

1403 2667 1590 2718 Christi
1631 2678 1676 2716 et
1716 2666 2052 2718 Sacramentis
2078 2706 2091 2727 ‚
2123 2670 2175 2716 in
2218 2667 2407 2734 quibus,

1396 2762 1506 2799 tom.
1553 2753 1620 2810 ii,
1655 2768 1757 2814 cap.
1806 2749 1868 2808 5,
1916 2760 1969 2798 ut
2003 2750 2211 2814 loquitur
2255 2748 2410 2797 Petrus

1397 2832 1619 2881 Diodatus
1637 2866 1652 2894 ‚
1680 2834 1732 2879 in
1766 2848 1782 2878 1
1814 2831 1923 2880 diss.
1952 2832 2010 2879 de
2042 2849 2134 2897 qua
2165 2848 2269 2879 mox
2294 2831 2410 2880 dice·

1397 2931 1527 2972 mus,
1561 2912 1787 2961 Professor
1818 2912 2073 2961 Ticinensis
2098 2930 2193 2978 per
2220 2929 2410 2961 summa

1394 2996 1556 3059 capita
1592 2994 1934 3056 Launojanum
1967 3003 2172 3059 systema
2203 2994 2410 3060 inqenue

1389 3079 1617 3143 proponit
1643 3114 1656 3137 ‚
1691 3077 1870 3124 additis
1898 3076 2165 3124 identidem
2208 3077 2408 3124 Launo-

1382 3161 1524 3225 janoe
1556 3158 1731 3207 tabulae
1772 3159 1949 3207 vividis
1989 3159 2278 3223 quibusdam
2329 3174 2404 3207 eo-

1399 3240 1612 3301 loribus‚
1644 3244 1731 3306 qui
1754 3242 1810 3289 in
1846 3243 2122 3306 opinionem
2162 3241 2297 3289 illam
2329 3241 2408 3287 in-

1396 3323 1577 3371 ducant
1590 3324 1809 3389 fucatam
1836 3324 2051 3372 veritatis
2068 3324 2268 3390 speeiem
2290 3359 2303 3384 ,
2333 3330 2407 3371 at·

1395 3422 1484 3470 que
1510 3408 1582 3453 ita
1610 3444 1622 3466 ‚
1655 3415 1711 3454 ut
1733 3413 1843 3454 ante
1855 3406 2019 3470 fuerat
2042 3405 2315 3473 pollicitus,
2347 3418 2406 3451 es:

1397 3486 1622 3537 historico
1675 3487 1937 3552 theoloqum
1980 3505 2037 3537 ae
2063 3485 2406 3555 jurisperitum

1389 3571 1569 3635 paucis
1600 3587 1647 3619 se
1678 3570 1914 3620 exhibuit.
