2508 4120
307 105 423 165 370

940 116 1260 154 TRACTATUS
1304 116 1371 152 lm
1416 115 1712 153 MA'rmMon
1717 117 1789 154 10.

303 266 533 326 nullum
559 261 818 344 posuisse
852 259 1165 317 discrimen
1195 258 1350 315 inter
1374 247 1471 315 eos
1498 302 1513 331 7
1546 259 1646 338 qui
1670 267 1830 316 extra
1857 261 1977 334 ejus
2012 260 2206 321 sinum
2240 264 2413 345 dege-

306 361 451 421 bant
473 404 488 432 7
516 357 638 417 sive
667 355 728 415 id
756 355 831 414 ob
856 353 1122 413 haeresim
1142 397 1157 427 7
1194 353 1316 412 sive
1347 351 1421 411 ob
1444 351 1694 411 schisma
1714 398 1730 426 ·›
1756 353 1877 412 sive
1905 350 1981 410 ob
2014 353 2417 420 infidelitatem

301 451 608 532 >contigerit
643 452 754 533 (l).

383 548 527 608 281.
577 545 667 607 Ad
700 547 783 604 6Ιῐιι
801 589 817 619 7
854 546 1014 604 Dist.
1041 544 1228 602 Etiam
1251 588 1266 616 7
1295 563 1458 602 conc.
1484 563 1504 610 ,·
1533 542 1755 618 solum7
1789 564 1914 623 neq.
1932 543 2184 602 sEtenim
2215 556 2423 625 praeter

307 644 639 705 sanctiones
684 639 1127 723 particularium
1164 638 1526 719 synodorum
1569 637 1872 697 attulimus
1925 640 2103 698 etiam
2142 660 2428 702 canonem

309 739 529 822 Synodi
551 737 927 799 oecumenicae
953 734 1474 807 Chalcedonensis3
1508 733 1778 792 addimus
1816 746 2127 816 praeterea,
2178 756 2429 796 canones

277 836 435 896 ·illos
466 857 499 893 a
528 832 794 916 pluribus
822 831 1094 891 Conciliis
1122 842 1181 889 et
1213 832 1458 888 Roman.
1494 829 1869 889 Pontificibus
1892 830 2103 890 adduci
2135 842 2203 890 ut
2225 854 2430 892 omnes

310 931 528 992 Christi
552 928 754 989 fideles
770 926 1126 1008 obligatione
1153 924 1584 1005 obstringentes
1603 971 1619 1001 7
1639 946 1740 985 seu
1764 937 1831 984 ut
1844 924 2129 986 habentes
2148 928 2270 987 vim
2290 926 2430 1008 legis

307 1048 416 1108 pro
430 1027 702 1088 universa
724 1023 970 1084 Ecclesia
989 1065 1011 1095 ,
1044 1022 1294 1104 atquein
1311 1020 1572 1081 codicem
1593 1022 1879 1082 universae
1898 1022 2160 1081 Ecclesiae
2183 1022 2432 1104 proinde

309 1121 521 1182 relatos
536 1142 660 1180 esse
685 1121 796 1200 (2).

388 1216 532 1276 282.
579 1215 668 1275 Ad
703 1215 739 1274 7
746 1230 822 1289 ¹¹²7
864 1216 1023 1274 Dist.
1068 1212 1381 1291 Subjacent
1408 1212 1720 1270 mutationi
1747 1258 1762 1287 7
1794 1212 2050 1292 legitima
2090 1214 2434 1274 auctoritate

309 1311 782 1384 interveniente7
821 1331 982 1368 conc.
1011 1330 1031 1377 ,·
1070 1308 1289 1390 absque
1326 1308 1583 1388 legitima
1629 1309 1973 1368 auctoritate
1995 1354 2010 1382 7
2048 1332 2177 1390 neq.
2217 1309 2437 1368 Eadem

315 1408 474 1466 enim
500 1407 843 1467 auctoritate
881 1405 1127 1464 mutatio
1152 1405 1213 1463 in
1243 1404 1368 1484 lege
1402 1405 1527 1463 fieri
1551 1403 1754 1477 debet,
1792 1426 1824 1463 a
1854 1427 1967 1487 qua
2001 1404 2094 1464 lex
2122 1406 2437 1465 constituta

315 1513 436 1575 est7
481 1524 603 1560 non
642 1513 840 1561 autem
871 1499 944 1559 ab
981 1501 1241 1560 inferiori
1263 1546 1279 1573 7
1322 1499 1513 1558 multo
1548 1500 1742 1558 minus
1771 1522 1803 1558 a
1830 1500 2068 1581 privatis
2092 1500 2430 1561 individuis,

318 1595 550 1654 Falsum
571 1618 746 1676 porro
769 1607 881 1667 est,
905 1595 1196 1654 contraria
1216 1594 1637 1653 consuetudine
1658 1594 1809 1674 leges
1823 1594 1948 1653 illas
1967 1594 2268 1675 abrogatas
2286 1616 2433 1668 esse3

316 1690 646 1771 corruptela
666 1690 914 1772 proinde
931 1735 947 1764 7
972 1711 1098 1771 quae
1124 1688 1334 1749 alicubi
1352 1689 1593 1749 inducta
1618 1701 1768 1750 esset
1789 1735 1805 1765 7
1838 1701 1939 1749 aut
1970 1690 2053 1751 vis
2075 1689 2236 1750 illata
2264 1692 2438 1750 sacris

317 1783 577 1844 Ecclesiae
630 1784 963 1844 pastoribus
998 1784 1162 1843 nullo
1210 1784 1384 1844 modo
1425 1785 1654 1845 officere
1710 1796 1955 1867 possunt
1988 1784 2099 1866 legi
2146 1786 2436 1847 universae

316 1879 578 1940 Ecclesiae
596 1925 612 1955 7
639 1902 771 1962 quae
795 1902 1030 1963 semper
1053 1891 1221 1960 urget
1245 1884 1366 1958 ejus
1391 1879 1828 1941 observantiam
1854 1879 1965 1961 (3).

312 2132 469 2171 uxor,
504 2123 557 2161 ut
573 2113 779 2178 fideliter
808 2116 1111 2179 covqjunqant
1139 2131 1336 2179 corpora

319 2214 411 2245 sua
430 2199 640 2260 ‚jurant
668 2196 766 2244 sibi
780 2195 1063 2262 plerumque
1077 2213 1170 2261 per
1202 2196 1339 2244 Chri-

317 2288 447 2327 stum
466 2317 478 2340 7
508 2288 552 2327 et
571 2280 728 2345 ἐρείπια
745 2295 919 2345 corpus
944 2277 1132 2328 Christi
1148 2279 1338 2326 diversa

318 2364 657 2410 communione
691 2361 939 2410 dilaniant
950 2360 983 2407 Ρ
1009 2360 1119 2409 Hoc
1150 2367 1339 2411 tantum

317 2444 599 2494 scandalum
617 2482 630 2506 7
655 2452 819 2494 tantus
833 2443 1012 2492 diaboli
1028 2444 1303 2510 triumphus
1326 2482 1338 2504 7

323 2536 461 2575 tanta
484 2529 734 2593 pernicies
763 2528 1044 2574 animarum
1064 2564 1076 2586 7
1116 2532 1163 2574 si
1184 2526 1343 2574 ablata

322 2611 380 2659 de
406 2609 564 2658 medio
600 2611 653 2657 in
703 2609 784 2657 his
820 2610 1107 2673 reqionibus
1144 2609 1303 2674 fuerit
1328 2647 1341 2665 ‚

323 2694 435 2757 quic
447 2691 652 2759 explicet
668 2691 846 2752 verbis,
864 2708 1009 2756 quam
1031 2691 1124 2739 tibi
1127 2692 1344 2758 palmam

318 2783 563 2842 praeparet
586 2772 830 2822 Dominus
845 2777 869 2820 ?

395 2859 470 2922 (1)
504 2856 731 2906 Observat
752 2854 989 2905 Kutscken
1010 2893 1023 2915 7
1056 2874 1133 2920 op.
1169 2858 1249 2904 cit.
1294 2856 1343 2903 in

325 2941 458 3006 praef.
485 2957 588 3004 pag.
633 2954 689 2986 12
707 2973 721 2997 ,
756 2938 1009 2986 Ecclesiam
1034 2936 1172 2985 nihili
1197 2938 1344 2985 facere

327 3032 557 3088 quantum
591 3022 789 3086 quisque
830 3038 855 3067 a
907 3023 1095 3068 veritate
1137 3019 1312 3068 aberret
1328 3057 1340 3079 7

326 3116 462 3170 atque
487 3112 751 3152 contentam
783 3119 879 3150 esse
908 3102 1107 3165 generali
1143 3102 1222 3150 illa
1239 3118 1346 3167 prof

326 3186 557 3234 bibitione
598 3185 750 3232 omnis
798 3186 1069 3232 commercii
1110 3201 1165 3249 ac
1194 3184 1348 3233 Matri-

329 3270 474 3316 monii
520 3266 673 3315 fidelis
711 3282 820 3314 cum
866 3267 1030 3331 quovis
1060 3266 1304 3328 individuo
1329 3304 1342 3326 7

329 3350 459 3415 quod
488 3350 544 3397 ad
572 3348 829 3397 Ecclesiam
851 3366 946 3395 non
970 3350 1220 3414 pertineat;
1240 3366 1347 3414 pos-

329 3431 574 3480 terioribus
584 3427 869 3496 temporibus
886 3433 1148 3482 immutasse
1167 3440 1347 3480 tantum

334 3512 627 3577 disciplinam
643 3513 795 3578 quoad
812 3514 1081 3579 conjugium
1097 3510 1346 3562 Christiani

328 3612 443 3644 eum
468 3610 565 3643 non
595 3594 841 3644 christiano
878 3612 958 3644 seu
984 3612 1079 3645 non
1105 3594 1354 3666 baptizato,

1430 2115 1555 2180 quod
1588 2115 1848 2163 invalidum
1876 2115 2123 2163 declaravit
2148 2153 2160 2174 7
2187 2115 2306 2163 nihil
2340 2133 2444 2164 vero

1428 2198 1695 2244 immutasse
1724 2198 1845 2244 circa
1876 2197 2209 2261 legitimitatem
2244 2200 2446 2264 conjugii

1429 2275 1659 2327 Catholici
1690 2296 1797 2326 cum
1821 2279 2096 2327 acatholico.

1499 2360 1566 2424 (2)
1604 2359 1703 2409 Cfr.
1718 2360 2052 2425 Binterim70p.
2069 2358 2190 2426 cit.§
2214 2376 2242 2408 2
2257 2398 2272 2418 ,
2291 2378 2342 2425 p.
2362 2375 2445 2411 22.

1503 2442 1573 2506 (3)
1608 2442 1701 2490 Has
1742 2444 1972 2509 siquidem
2014 2444 2134 2508 leges
2167 2459 2345 2510 semper
2373 2446 2447 2493 in-

1434 2524 1681 2573 culcarunt
1709 2524 1906 2574 Romani
1937 2525 2178 2574 Pontifices
2200 2564 2214 2585 7
2237 2536 2375 2592 atque
2396 2537 2448 2574 ut

1436 2609 1710 2655 omittamus
1731 2644 1745 2667 7
1779 2623 1882 2672 quae
1902 2611 2110 2672 superius
2133 2608 2373 2656 attulimus
2391 2626 2446 2657 ex

1437 2688 1684 2737 Benedicto
1712 2707 1789 2738 xlv
1803 2726 1821 2751 7
1856 2689 1913 2738 de
1943 2690 2182 2739 tolerantia
2209 2689 2257 2738 S.
2281 2688 2412 2737 Sedis
2429 2727 2443 2749 7

1437 2789 1538 2837 quae
1564 2771 1800 2820 interdum
1843 2772 2041 2838 quadam
2080 2772 2322 2836 prudentia
2343 2807 2356 2826 7
2390 2789 2449 2820 ne

1436 2855 1655 2902 deteriora
1698 2854 1820 2902 mala
1866 2864 2138 2902 enascantur
2156 2891 2169 2912 7
2222 2853 2450 2902 nonnulla

1435 2935 1690 2982 dissimulat
1715 2952 1769 2983 ac
1798 2946 1914 2983 tacet
1936 2973 1949 2995 7
1983 2934 2091 2983 cum
2119 2945 2325 3002 nequeat
2360 2937 2447 2983 im-

1435 3017 1591 3080 pedire
1612 3053 1624 3074 ,
1655 3016 1763 3065 Pius
1780 3034 1824 3064 vr
1836 3056 1853 3078 ,
1882 3020 1931 3064 in
1961 3017 2208 3083 Rescripta
2227 3018 2284 3066 ad
2304 3016 2446 3067 Card.

1434 3100 1492 3148 de
1521 3100 1872 3166 Franckenherg
1893 3102 1998 3150 dato
2013 3103 2088 3150 die
2109 3101 2278 3152 13Jul.
2304 3099 2448 3166 1782,

1436 3183 1614 3248 regulas
1655 3186 1749 3232 sive
1782 3202 1807 3232 a
1843 3184 2254 3233 Praedecessoribus
2300 3187 2395 3232 sive
2425 3202 2452 3231 a

1437 3264 1658 3314 Conciliis
1700 3276 1889 3315 statutas
1928 3269 1979 3315 in
2010 3264 2257 3333 jungendis
2293 3266 2451 3314 Matri-

1436 3350 1607 3396 moniis
1650 3350 1807 3397 mixtis
1860 3359 2053 3397 renovat
2098 3359 2142 3397 et
2183 3349 2448 3397 confirmat.

1437 3429 1589 3496 Quare
1605 3448 1714 3479 cum
1734 3434 2043 3481 ministerium
2058 3431 2369 3490 Berolinense,
2400 3439 2452 3478 ut

1437 3512 1674 3562 induceret
1728 3513 2129 3580 Arehiepiscopum
2173 3513 2451 3562 Posnanien-

1440 3612 1537 3644 sem
1579 3596 1637 3644 ad
1680 3597 2031 3661 permittendam
2075 3595 2450 3647 benedictionem
