2508 4120
521 196 644 232 cAP.
693 198 734 231 1.
780 196 848 231 nr.
891 195 1240 232 mammomo
1285 196 1344 230 m
1387 194 1447 230 sa
1492 167 1781 231 srncrATO.
2086 170 2201 228 201

110 349 284 412 verba
310 371 323 406 z
346 349 513 408 Inter
537 352 830 429 leqitz'mas
847 371 1135 427 personas
1157 350 1546 408 individuam
1569 343 1700 408 vitoe
1725 347 2207 407 consuetudinem

107 449 383 512 retinen&
402 465 499 502 seu
518 455 582 501 ut
601 443 805 503 clarius
825 444 1038 504 dicitur
1052 444 1113 501 in
1127 443 1305 502 altera
1323 444 1691 502 definitione:
1715 447 1839 500 viri
1856 453 1912 500 et
1930 444 2209 500 mulieris

107 543 430 617 leyitimam
468 544 946 616 conjunctionem
960 581 981 609 ,
1024 548 1132 596 etc.
1179 537 1512 616 Colligitur,
1553 538 1621 595 30
1644 536 1954 595 nonnullas
1992 536 2209 617 requiri

110 633 463 691 conditiones
483 677 499 704 ,
538 631 645 690 sub
684 627 893 715 quibus
929 642 1159 690 tantum
1183 631 1316 688 iniri
1339 642 1584 711 possunt
1608 633 1903 710 conjugia,
1935 631 2091 712 quod
2120 632 2210 690 in-

107 728 304 785 nuitur
339 749 444 808 per
478 726 654 788 verba
693 730 984 806 leqicz'mas
1003 745 1293 804 personas
1332 724 1426 782 vel
1459 746 1565 805 per
1603 727 1925 804 leqicimam
1951 730 2210 805 'conjun-

107 826 371 880 ctionem.
397 823 585 902 Atque
614 822 721 879 tria
741 821 863 880 haec
881 821 1170 900 praecipua
1193 818 1378 898 capita
1402 829 1541 876 sunt
1565 864 1581 892 ,
1616 821 1761 878 circa
1786 839 1913 899 quae
1941 831 2062 878 tota
2090 819 2210 879 haec

109 927 308 974 nostra
336 914 660 974 versabitur
695 915 1041 995 disputatiO,
1077 923 1205 970 tum
1236 912 1449 971 scilicet
1477 913 1625 971 circa
1664 913 2105 973 Matrimonium
2145 915 2211 973 in

109 1031 168 1069 se
189 1021 512 1091 spectatum
534 1021 591 1069 et
618 1022 901 1091 quatenus
930 1011 1368 1068 Sacramentum
1391 1019 1479 1068 est
1498 1054 1513 1082 ,
1544 1019 1673 1066 tum
1698 1009 1844 1066 circa
1870 1009 2048 1090 ipsius
2077 1031 2209 1090 pro-

107 1107 416 1185 prietateS,
459 1115 586 1162 tum
615 1104 865 1185 denique
895 1104 1040 1162 circa
1078 1104 1259 1184 ipsius
1295 1101 1715 1185 impedimenta
1756 1123 1821 1161 ac
1862 1115 2211 1184 potestatem

108 1220 173 1258 ea
203 1197 554 1279 apponendi.
577 1198 679 1255 His
697 1197 981 1256 nonnulla
1000 1197 1331 1275 adjiciemus
1361 1199 1506 1257 circa
1524 1198 1903 1278 quaestionem·
1929 1243 1945 1273 ,
1967 1198 2075 1256 hac
2100 1220 2210 1256 no-

110 1304 225 1350 stra
258 1291 579 1374 praesertim
598 1302 768 1351 aetate
788 1293 1064 1371 agitatam
1080 1339 1096 1362 ,
1117 1292 1193 1352 de
1222 1292 1525 1352 connubiis
1548 1296 1758 1352 mixtis
1780 1292 1953 1372 vulgo
1981 1313 2212 1352 nuncu-

101 1398 272 1469 patls.

1001 1580 1241 1638 CAPUT
1283 1580 1327 1636 Ι.

641 1752 709 1789 DE
753 1750 1107 1788 MATRIMONIO
1150 1752 1208 1788 IN
1252 1751 1313 1788 SE
1356 1750 1651 1789 SPEGTATO.

186 1918 244 1975 3.
293 1917 728 1976 Matrimonium
749 1917 811 1975 in
837 1939 896 1976 se
931 1926 1256 1998 spectatum
1279 1916 1628 1975 considerari
1650 1926 1876 1997 potest,
1910 1915 2006 1975 vel
2035 1928 2213 1997 prout

105 2011 356 2070 officium
394 2022 616 2070 naturae
657 2023 779 2086 est,
834 2011 929 2072 vel
972 2023 1147 2093 prout
1191 2023 1278 2071 est
1318 2013 1793 2086 Sacramentum,
1836 2032 1937 2070 seu
1966 2009 2210 2085 clariuS‚

100 2118 276 2188 prout
305 2106 556 2164 officium
578 2106 726 2165 illud
754 2129 785 2165 a
812 2106 1039 2166 Christo
1063 2108 1479 2166 sanctificatum
1509 2118 1595 2166 est
1613 2153 1629 2182 ,
1666 2107 1766 2188 qui
1795 2107 1987 2188 ipsum
2022 2107 2213 2170 evexit

101 2201 173 2259 ad
203 2201 544 2280 dignitatem
573 2204 961 2278 sacramenti,
990 2203 1294 2284 eidemque
1319 2203 1800 2262 sacramentalem
1836 2204 2077 2282 gratiam
2114 2202 2211 2261 ad-

93 2297 307 2373 junxit.
347 2300 500 2356 Dum
524 2298 695 2377 igitur
722 2293 1154 2371 consideratur,
1184 2310 1470 2378 quatenus
1511 2298 1764 2357 officium
1808 2309 2035 2357 naturae
2074 2309 2160 2356 est
2187 2342 2203 2371 .,

102 2390 408 2470 disceptari
430 2403 622 2472 posset
643 2436 660 2467 ,
692 2404 890 2450 utrum
916 2391 1138 2451 bonum
1157 2394 1231 2451 sit
1253 2413 1317 2451 ac
1346 2393 1697 2464 honestum3
1736 2392 1891 2473 quod
1920 2392 2116 2473 plures
2142 2413 2212 2451 ex

104 2482 395 2542 veteribus
439 2484 717 2543 haereticis
758 2487 994 2544 inficiati
1036 2499 1191 2545 sunt.
1233 2489 1379 2545 Cum
1422 2508 1562 2545 vero
1599 2486 1828 2564 jamdiu
1862 2485 2212 2545 obsoleverit

105 2577 384 2655 ejusmodi
433 2598 595 2636 error
638 2599 702 2636 ac
749 2599 922 2637 nemo
964 2601 1100 2639 eum
1149 2580 1341 2638 denuo
1393 2580 1766 2654 excitaverit,
1809 2578 1882 2638 ab
1921 2579 2037 2638 illis
2074 2579 2211 2639 data

103 2693 276 2751 opera
317 2671 651 2730 refellendis
693 2673 1153 2754 supersedemus.
1196 2676 1384 2747 Sane,
1438 2674 1595 2754 quod
1628 2696 1699 2733 ex
1757 2674 1881 2753 lege
1918 2685 2139 2733 naturae
2177 2697 2210 2734 a

101 2767 223 2825 Deo
256 2767 379 2846 ipso
400 2767 736 2824 confirmata
770 2767 1179 2846 proficiscitur,
1207 2768 1351 2826 illud
1376 2768 1633 2849 profecto
1658 2780 1868 2827 natura
1897 2790 1961 2828 ac
1981 2771 2208 2828 ratione

103 2861 189 2918 sui
216 2860 446 2919 nullum
479 2862 684 2921 vitium
709 2862 967 2920 admittit
991 2863 1085 2923 vel
1112 2863 1539 2944 turpitudinem
1562 2910 1577 2939 ,
1615 2885 1679 2923 ac
1712 2863 1959 2946 proinde
1987 2863 2210 2924 bonum

105 2966 189 3013 est
224 2977 288 3014 ac
317 2957 648 3016 honestum.
672 2957 805 3016 Tale
841 2980 1013 3039 porro
1042 2970 1128 3017 est
1157 2959 1615 3017 Matrimonium.

186 3049 242 3106 4.
284 3051 496 3109 Natura
531 3053 687 3110 enim
709 3098 724 3127 .,
758 3053 934 3111 etiam
971 3052 1188 3112 secluso
1217 3065 1484 3137 peccatO,
1522 3052 1767 3113 inclinat
1799 3053 2099 3112 hominem
2134 3052 2209 3110 ad

105 3142 283 3223 prolis
331 3147 792 3223 generationem,
839 3159 898 3206 et
943 3147 1017 3206 ad
1050 3170 1183 3207 eum
1234 3150 1413 3206 finem
1467 3169 1712 3208 sexuum
1766 3148 2069 3208 diversitas
2120 3158 2208 3205 est

108 3236 367 3296 ordinata
391 3238 510 3319 (1).
533 3243 567 3298 J
573 3262 806 3301 amvero
838 3241 1058 3321 proleS,
1083 3244 1229 3301 sicut
1249 3254 1526 3321 concepta
1555 3245 1620 3301 in
1647 3243 1835 3301 lucem
1867 3242 1961 3300 edi
1987 3239 2164 3299 debet
2183 3285 2199 3316 ,

105 3329 184 3387 ita
219 3331 279 3388 in
316 3331 503 3391 lucem
541 3335 696 3394 edita
719 3357 824 3415 per
858 3337 1242 3396 nutritionem
1272 3349 1331 3396 et
1362 3337 1762 3396 educationem
1800 3334 1977 3393 debet
1999 3356 2209 3394 secun-

57 3470 63 3475 .
107 3423 247 3483 dum
271 3446 475 3506 corpus
500 3439 558 3486 et
573 3430 826 3489 animam
843 3430 1077 3510 perfici,
1104 3431 1279 3513 idque
1298 3432 1501 3492 eadem
1521 3443 1727 3491 natura
1759 3429 2046 3506 dictante,
2077 3451 2204 3512 quae

176 3654 239 3718 (1)
275 3655 374 3705 cfr.
409 3656 581 3717 Estius‚
610 3658 694 3707 loc.
728 3662 804 3708 cit.
840 3657 865 3724 ὃ
892 3676 905 3707 1
930 3697 943 3720 ,
966 3671 1012 3709 et
1043 3660 1327 3714 Catechism.
1357 3662 1558 3711 Roman.
1588 3670 1703 3726 part.
1742 3663 1777 3709 li
1809 3696 1822 3722 ,
1852 3677 1950 3726 cap.
1978 3658 2031 3722 8,
2065 3657 2091 3723 §
2122 3657 2199 3706 13.
