2508 4120
318 93 435 153 ’348
949 112 1267 150 macra-rus
1311 112 1379 150 m:
1422 112 1797 152 Mammomo.

316 276 425 316 nec
474 255 659 340 etiam,
693 273 852 311 nunc
901 254 1180 335 temporis
1223 252 1420 314 deesse
1458 253 1652 314 Gallos
1691 253 2046 335 TheologoS‚
2087 260 2186 339 qui
2232 260 2419 321 eidem

320 349 655 410 adhaereant
684 346 794 428 (1).

1103 525 1509 580 PROPOSITIO
1551 528 1648 583 VI.

404 682 614 743 Causae
647 685 1116 742 matrimoniales
1150 695 1416 763 spectant
1438 686 1780 763 adjudices
1819 688 2263 757 ecclesiasticos,
2302 699 2356 746 et

396 780 637 859 quide-m
660 801 857 839 σαπείη
879 801 1061 838 onmes
1084 781 1168 838 ad
1187 802 1343 840 soros
1366 782 1775 841 ecclesiasticos
1798 783 2043 861 judiees
2063 794 2343 862 spectant.

399 953 542 1014 251.
589 954 793 1029 Quoad
820 955 1072 1037 priorem
1100 966 1331 1037 partem
1359 957 1669 1016 enunciata
1706 958 2023 1039 propositio
2057 955 2275 1017 de'fide
2307 968 2393 1017 est
2415 1004 2430 1032 .,

317 1059 385 1108 ut
415 1044 641 1110 constat
682 1071 753 1109 ex
791 1051 1031 1109 recitato
1070 1071 1195 1110 can.
1237 1052 1343 1110 XII
1387 1050 1730 1121 Tridentino
1755 1097 1771 1127 a
1813 1073 1952 1111 sess.
1995 1053 2175 1111 XXIV
2212 1054 2335 1132 (2),
2374 1065 2433 1112 et

318 1166 391 1205 ex
422 1146 683 1228 suPerius
724 1146 1062 1222 vindicati83
1108 1149 1392 1229 posterior
1426 1170 1560 1230 pars
1603 1160 1689 1208 est
1721 1159 1911 1222 certa,
1957 1159 2023 1207 ut
2059 1170 2131 1208 ex
2176 1147 2433 1208 dicendis

317 1240 565 1321 patebit.

398 1337 541 1396 252.
591 1339 908 1398 Causarum
928 1361 1067 1406 vero
1091 1337 1610 1399 matrimonialium
1637 1340 1875 1399 nomine
1904 1337 2033 1398 illas
2058 1359 2261 1398 omnes
2285 1358 2435 1398 com-

318 1431 666 1514 plectimur,
706 1457 834 1517 quae
869 1435 1216 1495 relationem
1249 1434 1473 1494 habent
1507 1434 1581 1494 ad
1616 1435 1807 1517 ipsum
1845 1434 2197 1493 Matrimonii
2230 1434 2437 1494 vincu-

316 1527 444 1586 lum
476 1550 577 1587 seu
612 1530 685 1588 ad
714 1532 1187 1603 Sacramentum3
1230 1530 1473 1589 minime
1498 1551 1636 1591 vero
1666 1551 1759 1589 eas
1782 1573 1800 1603 ‚
1828 1550 1983 1610 quae,
2012 1541 2075 1587 ut
2105 1528 2278 1610 paulo
2301 1539 2435 1587 ante

318 1621 779 1697 declaravimus,
804 1625 914 1705 ipsi
943 1623 1173 1683 vinculo
1199 1625 1533 1684 extrinsecae
1564 1635 1701 1683 sunt
1725 1623 1834 1706 (3).
1877 1626 2003 1697 Quo
2043 1646 2215 1683 sensu
2239 1624 2437 1683 statui-

320 1738 490 1793 mm,
525 1739 723 1777 omnes
759 1721 999 1777 omnino
1036 1740 1233 1777 causas
1281 1720 1735 1779 matrimoniales
1785 1732 2045 1802 spectare
2069 1719 2144 1778 ad
2171 1722 2313 1779 solos
2332 1724 2437 1796 ju-

318 1809 478 1869 dices
529 1811 972 1886 ecclesiasticos3
1025 1812 1261 1894 reliquae
1307 1815 1464 1873 enim
1521 1825 1781 1896 spectare
1821 1825 2066 1896 possunt
2110 1814 2183 1873 ad
2219 1813 2437 1892 Judices

320 1905 625 1966 seculares·

400 2002 544 2063 253.
593 2004 730 2062 Haec
765 2013 957 2062 autem
998 2004 1234 2084 quaestio
1256 2006 1590 2086 permisceri
1616 2006 1821 2088 nequit
1843 2028 1979 2066 cum
2014 2027 2081 2066 ea
2102 2051 2117 2082 ,
2157 2026 2335 2087 quam
2365 2003 2439 2064 de

322 2097 757 2178 impedimentis
782 2097 1079 2179 hucusque
1112 2100 1503 2175 instituimus3
1538 2102 1802 2182 quamvis
1827 2102 1985 2160 enim
2014 2101 2328 2160 maximam
2350 2099 2437 2158 hae

321 2191 581 2251 habeant
618 2193 773 2251 inter
806 2214 867 2253 se
900 2193 1247 2252 affinitatem
1268 2237 1284 2267 ,
1323 2193 1503 2254 altera
1538 2206 1736 2254 tamen
1766 2195 1838 2253 ab
1866 2195 2044 2255 altera
2081 2194 2302 2274 sejungi
2331 2192 2436 2252 de-

321 2287 440 2348 bet.
471 2290 621 2347 Nam
648 2289 823 2347 etiam
850 2288 1181 2365 inillorum.,
1208 2312 1352 2371 quos
1377 2290 1692 2350 refellimus
1710 2335 1726 2365 7
1744 2293 2030 2351 sententia
2050 2337 2065 2367 .‚
2090 2291 2246 2373 quod
2274 2311 2435 2349 com·

324 2392 492 2465 petat
534 2383 902 2465 Principibus
932 2389 1026 2462 jus
1069 2385 1360 2443 statuendi
1394 2385 1816 2466 impedimenta
1857 2386 2219 2461 dirimentia,
2256 2406 2436 2445 causae

326 2478 786 2539 matrimoniales
818 2480 1110 2562 pertinere
1133 2479 1353 2540 debent
1376 2479 1450 2539 ad
1475 2480 1670 2561 forum·
1694 2481 2133 2542 ecclesiasticum
2160 2481 2267 2563 (4).

328 2700 496 2749 opusc.
529 2688 611 2735 cit.
650 2704 757 2752 pag.
795 2682 946 2749 225).
997 2686 1106 2735 Haec
1142 2689 1241 2752 ipsa
1271 2703 1341 2735 re-

328 2767 414 2815 fert
442 2765 668 2828 Camere,
693 2785 769 2833 op.
800 2770 880 2816 cit.
915 2785 967 2816 n.
994 2766 1092 2816 585
1111 2805 1126 2828 ‚
1160 2769 1341 2835 aliaque

334 2849 462 2898 addit
498 2868 551 2898 n.
573 2847 693 2900 586.

398 2932 464 2996 (l)
503 2932 628 2982 Inter
676 2946 850 2984 ceteros
897 2934 1125 2995 Bouvier‚
1179 2934 1343 2999 quiin

330 3012 443 3063 edit.
467 3012 516 3061 3³
540 3018 735 3064 mutavit
750 3019 1041 3076 sententiam,
1058 3033 1199 3082 quam
1216 3024 1344 3062 antea

329 3108 711 3162 propugnaverat.
732 3097 834 3147 cfr.
864 3097 1130 3146 Memorial
1157 3095 1340 3146 Catkol.

331 3187 427 3225 tom
452 3195 514 3226 ιιι
542 3215 556 3241 ‚
582 3176 683 3245 pag.
723 3177 809 3246 49.

400 3258 467 3322 (2)
503 3259 661 3309 Talem
706 3261 843 3309 fuisse
905 3269 1104 3308 mentem
1155 3259 1346 3308 Concilii

336 3338 623 3404 Tridentini,
660 3343 913 3393 deliniendi
954 3342 1125 3391 scilicet
1159 3354 1209 3390 ut
1242 3345 1347 3390 arti-

335 3419 497 3469 culum
532 3424 637 3473 fidei
661 3463 674 3486 ‚
711 3426 769 3474 ad
803 3424 1129 3475 ecclesiasticos
1169 3426 1347 3491 judices

337 3514 539 3568 spectare
555 3522 708 3556 causas
723 3507 1073 3558 matrimoniales
1094 3544 1106 3566 ‚
1136 3518 1273 3573 atque
1285 3508 1344 3554 ita

340 3587 475 3636 fuisse
494 3588 779 3638 intellectum
808 3610 910 3641 can.
936 3609 997 3641 ιιι
1019 3629 1031 3653 ,
1065 3607 1168 3639 cum
1198 3590 1344 3638 editus

1425 2698 1490 2735 est
1514 2724 1526 2746 ‚
1555 2688 1697 2735 fidem
1727 2688 1836 2737 facit
1855 2691 1951 2754 ipse
1986 2689 2154 2738 Paulus
2198 2687 2385 2753 Sar-pius
2417 2723 2430 2746 ,

1425 2772 1506 2835 qui
1551 2771 1688 2819 refert
1718 2772 1843 2836 apud
1876 2772 2097 2821 Pallavic.
2143 2770 2280 2819 Hist.
2321 2787 2432 2818 con-

1424 2849 1504 2900 cil.
1539 2849 1779 2910 Trid.lib.
1809 2866 1918 2902 xxm
1942 2890 1955 2913 ,
1981 2870 2081 2917 cap.
2119 2868 2182 2918 9,
2227 2870 2277 2899 n.
2322 2867 2373 2899 11
2418 2870 2431 2900 :

1430 2932 1528 2979 Che
1550 2949 1698 2997 parve
1720 2942 1881 2982 sirano
1899 2951 1929 2982 a
1939 2933 2131 3000 politici
2156 2933 2195 2981 il
2216 2934 2345 2998 farsi
2358 2950 2435 2981 ar-

1426 3013 1563 3062 tieolo
1594 3014 1650 3062 di
1669 3015 1807 3080 fede,
1846 3015 1929 3064 che
1959 3016 1999 3063 le
2023 3033 2164 3065 cause
2191 3017 2435 3064 matrimo-

1427 3094 1557 3143 niali
1589 3105 1949 3162 appartenqano
1993 3098 2043 3146 al
2067 3099 2259 3164 qiudice
2293 3096 2434 3147 ecele-

1427 3180 1642 3229 siastico.
1666 3179 1782 3229 Vide
1806 3181 1866 3229 ad
1893 3181 2066 3230 calcem
2099 3181 2365 3229 voluminis.

1495 3259 1561 3323 (3)
1598 3260 1694 3309 cfr.
1727 3262 1947 3316 Bellarm,
1980 3261 2052 3311 De
2072 3264 2299 3312 Matrim.
2329 3280 2430 3328 cap.

1431 3343 1513 3402 32,
1540 3362 1589 3393 n.
1614 3341 1642 3388 3
1669 3355 1715 3393 et
1741 3363 1875 3411 seqq.

1499 3427 1564 3491 (k)
1605 3426 1725 3475 Hinc
1743 3427 2031 3486 Pallavicini‚
2055 3428 2145 3476 loc.
2165 3428 2241 3476 cit.
2271 3445 2322 3475 n.
2355 3441 2428 3484 12,

1431 3519 1673 3574 postquam
1691 3511 1849 3558 evertit
1861 3543 1877 3569 ‚
1909 3509 2034 3575 quod
2058 3509 2229 3557 Paulus
2250 3505 2432 3573 Sarpius

1433 3603 1734 3658 assumpserat
1773 3592 1828 3641 ad
1866 3591 2145 3656 carpendum
2175 3591 2298 3640 hune
2330 3604 2430 3636 can.
