2508 4120
324 102 443 162 354
714 138 719 142 -
976 113 1308 153 raam-arus
1351 115 1419 149 im
1465 112 1840 152 mummomo.

405 266 545 325 262.
593 265 732 335 Quae
776 259 849 319 de
897 257 1158 318 Ecclesiae
1197 268 1488 340 potestate
1538 256 1600 314 in
1639 256 1997 315 Matrimonii
2029 257 2462 339 impedimentis

324 376 383 424 et
422 358 606 419 causis
641 357 925 416 hactenus
977 354 1174 434 attigi,
1225 354 1269 411 si
1313 351 1486 432 vulgo
1536 353 1732 411 min-us
1789 349 2118 433 probentur
2141 396 2158 424 .
2214 354 2300 413 nil
2334 376 2463 414 mo-

320 478 435 516 ror.
475 455 552 513 Ea
589 451 878 535 siquidem
920 450 1275 532 cogitatione
1321 447 1608 524 delector,
1654 447 1815 531 quod
1839 446 2170 507 traditionis
2218 451 2466 531 vestigiis

319 555 614 632 ingressus
637 595 654 624 .,
701 570 825 607 non
863 546 939 607 ab
972 546 1261 607 haereticis
1293 545 1470 605 modo
1493 591 1508 621 ‚
1557 544 1661 605 sed
1699 568 1730 604 a
1762 544 2066 625 Theologis
2103 543 2249 605 aulae
2290 549 2466 626 magis

320 669 500 730 quam
548 644 782 706 veritati
829 643 1166 704 faventibus
1217 663 1452 701 causam
1509 641 1724 701 Christi
1773 641 2212 702 vindicaverim.
2255 641 2468 701 Semen

322 744 534 805 erroris
560 747 753 822 jecere
782 750 1098 800 novatores
1120 786 1135 814 .,
1161 738 1306 799 aulae
1333 738 1611 819 Theologi
1637 738 2008 799 evolverunt.
2037 740 2246 799 Nostra
2271 749 2470 797 autem

320 852 490 901 aetate
530 838 783 900 consiliis
810 838 872 896 in
908 836 1118 897 melius
1158 837 1444 896 revocatis
1467 880 1482 910 a
1522 836 1834 917 scriptores
1873 835 2095 895 cunctis
2139 834 2422 914 suffragiis
2451 880 2466 908 a

322 938 370 996 si
413 957 636 996 nomen
677 934 848 993 unius
889 933 1207 994 alteriusve
1251 953 1586 1015 expungas,
1634 931 1787 990 hanc
1813 953 1843 990 a
1877 928 2244 1012 Principibus
2272 941 2469 1012 potes-

318 1045 504 1092 tatem
532 1030 803 1111 ablegare
838 1040 1168 1111 coeperunt.

1182 1195 1426 1253 CAPUT
1471 1195 1568 1253 IV.

1024 1356 1091 1391 DE
1138 1353 1510 1392 MATRIMONHS
1556 1354 1773 1391 Mtrrls.

403 1484 546 1544 263.
594 1484 873 1564 Conjugia
923 1487 1121 1543 mixta
1163 1505 1228 1544 ea
1268 1483 1582 1557 dicuntur,
1629 1504 1760 1565 quae
1809 1484 1964 1544 inter
2019 1484 2372 1544 catholicum
2414 1496 2475 1543 et

326 1579 708 1639 acatholicam
732 1625 747 1653 .,
777 1590 878 1636 aut
902 1600 934 1637 e
964 1600 1246 1638 converso
1272 1579 1430 1638 inter
1451 1577 1801 1638 catholicam
1825 1591 1888 1640 et
1916 1579 2303 1647 acatholicum
2330 1579 2475 1638 cele-

323 1675 597 1734 brantur.
668 1672 1138 1733 Acatholicorum
1207 1685 1405 1734 autem
1462 1675 1706 1735 nomine
1765 1674 1863 1734 hic
1919 1676 2321 1756 significantur
2373 1687 2474 1734 aut

325 1771 582 1830 haeretici
611 1780 714 1828 aut
741 1768 1132 1843 schismatici„
1165 1791 1371 1830 omnes
1406 1770 1627 1831 scilicet
1651 1772 1753 1853 qui
1783 1782 1950 1831 extra
1996 1772 2232 1831 unicam
2275 1791 2474 1832 veram

329 1865 644 1926 Ecclesiam
683 1865 1111 1941 inveniuntur,
1140 1876 1200 1925 et
1246 1865 1322 1924 ad
1349 1865 1605 1948 aliquam
1654 1877 1873 1927 sectam
1907 1879 2009 1926 aut
2061 1866 2310 1927 schisma
2341 1888 2477 1950 spe—

328 1973 499 2022 ctant
527 2008 542 2037 7
571 1961 673 2043 qui
708 1971 910 2020 tamen
938 1962 1238 2020 communi
1268 1963 1553 2045 Baptismi
1591 1965 1817 2024 ratione
1861 1963 2328 2024 Christianorum
2365 1985 2477 2022 uo·-

326 2060 488 2119 mine
517 2070 854 2119 censentur.

412 2154 556 2213 264.
605 2156 820 2213 Ratum
855 2158 983 2232 jam
1024 2153 1183 2235 apud
1219 2175 1425 2214 omnes
1476 2167 1603 2230 est,
1645 2157 1940 2235 ejusmodi
1980 2158 2247 2237 conjugia
2281 2156 2475 2215 valida

336 2272 461 2309 esse
498 2250 622 2330 (l)3
660 2249 740 2307 sic
772 2249 987 2323 etiam,
1031 2270 1096 2308 ea
1128 2270 1234 2331 per
1270 2271 1331 2308 se
1355 2271 1481 2312 esse
1512 2250 1707 2311 illicita
1728 2297 1744 2326 .,
1784 2251 1931 2312 adeo
1972 2264 2037 2311 ut
2065 2254 2191 2312 sine
2224 2254 2476 2312 'Romani

343 2345 639 2405 Pontificis
654 2344 1091 2427 dispensatione
1107 2345 1242 2404 iniri
1262 2345 1518 2426 legitime
1533 2360 1865 2430 nequeant,
1888 2350 2110 2431 pariter
2139 2369 2296 2408 nunc
2319 2348 2475 2407 inter

335 2463 539 2501 omnes
573 2442 884 2517 convenit,
921 2452 980 2500 et
1016 2462 1124 2500 nos
1153 2441 1324 2523 paulo
1364 2454 1500 2525 post
1532 2443 1937 2503 ostendemus,

335 2626 574 2674 nationem
589 2626 648 2673 ad
663 2641 826 2672 omnes
840 2623 1166 2672 Universitates
1181 2626 1371 2688 provin·
1444 2627 1677 2673 ·trimonio
1702 2625 1928 2674 catholici
1949 2643 2059 2674 cum
2077 2626 2247 2676 haereti
2258 2644 2310 2676 co
2329 2662 2340 2682 ,
2368 2644 2473 2692 cap.

339 2711 519 2757 ciarum
562 2705 952 2756 Germanicarum
976 2745 988 2765 ‚
1022 2717 1066 2754 et
1106 2723 1214 2754 cum
1241 2705 1366 2753 Jure
1460 2726 1475 2755 1
1505 2747 1517 2767 ‚
1549 2727 1686 2759 num.
1737 2725 1799 2769 23
1835 2713 2065 2759 contraria
2106 2728 2212 2759 vero
2251 2712 2474 2759 sententia

337 2794 570 2841 canonico
595 2790 889 2856 Recbberger
921 2791 1182 2838 eliminavit
1197 2794 1368 2856 pariter
1453 2802 1635 2856 recepta
1665 2804 1731 2840 est
1765 2796 1979 2841 unanimi
2007 2811 2235 2842 consensu
2261 2811 2285 2840 a
2317 2792 2474 2841 Theo-

342 2894 367 2923 e
389 2892 529 2923 cursu
557 2873 814 2938 theologico
842 2870 1117 2920 Historiam
1144 2871 1364 2920 ecclesia·
1453 2875 1565 2938 logis
1599 2884 1643 2921 et
1675 2874 1937 2923 Canonistis
1954 2912 1968 2935 ,
2016 2878 2096 2941 qui
2129 2893 2292 2923 omnes
2320 2875 2477 2923 adhae-

341 2955 513 3005 alicam
544 2955 907 3022 Daunemnayr.
947 2954 1046 3004 Hac
1085 2956 1265 3004 ratione
1298 2955 1366 3003 fa·
1452 2965 1609 3005 serunt
1626 2956 1850 3005 doctrinae
1870 2955 1920 3005 S.
1951 2956 2143 3006 Thomae
2165 2994 2179 3017 ‚
2211 2960 2291 3023 qui
2317 2957 2369 3005 in
2394 2958 2478 3005 lib.

343 3049 476 3088 ctum
495 3044 585 3098 est,
607 3048 659 3086 ut
685 3038 1003 3100 annumeres,
1028 3040 1369 3104 quiveritinon
1454 3055 1499 3087 iv
1530 3038 1667 3087 Sent.
1707 3039 1817 3088 dist.
1854 3040 1919 3108 39
1959 3079 1971 3100 ,
2014 3058 2063 3107 q.
2108 3057 2125 3087 1
2154 3078 2165 3097 ,
2209 3040 2268 3088 ad
2308 3038 2337 3088 5
2373 3057 2388 3088 τ
2419 3036 2481 3091 Si

349 3132 456 3170 sunt
490 3158 506 3186 ,
555 3132 607 3170 ut
655 3119 930 3169 hominibus
986 3123 1318 3170 assentirentur
1354 3161 1366 3182 ,
1454 3119 1634 3186 aliquis
1661 3121 1822 3184 fidelis
1848 3161 1860 3182 ‚
1893 3125 2079 3190 inquit,
2113 3139 2223 3170 oum
2259 3122 2479 3170 hoeretica

343 3205 538 3269 prodere
564 3206 799 3253 veritatem
821 3240 835 3263 ‚
861 3220 948 3251 nec
980 3202 1076 3251 Deo
1112 3204 1372 3268 placuerint
1454 3205 1710 3272 baptizata
1725 3207 2112 3256 Matrimonium
2126 3205 2381 3265 contrahit,
2397 3223 2476 3254 ve-

350 3304 437 3336 nec
462 3286 744 3335 hominibus
764 3323 776 3344 ,
807 3291 861 3334 ut
894 3287 1059 3351 passim
1090 3286 1160 3333 fit.
1453 3304 1564 3335 rum
1580 3297 1655 3336 est
1670 3289 2064 3348 Matrimonium,
2080 3290 2301 3354 quamvis
2313 3295 2478 3355 peccet

421 3370 486 3430 (1)
525 3369 653 3417 irrita
697 3385 792 3417 esse
831 3369 1044 3434 conjugia
1098 3369 1209 3414 inita
1250 3372 1369 3418 inter
1453 3370 1802 3430 contrahendo,
1835 3371 1880 3418 εἰ
1902 3372 2024 3423 sciat
2038 3387 2142 3418 eam
2167 3370 2474 3431 hoereticam5

350 3447 617 3499 Catholicos
635 3462 678 3501 et
709 3449 992 3499 acatholicos
1015 3454 1203 3498 nonnisi
1236 3456 1367 3515 pauci
1454 3454 1581 3500 siout
1601 3461 1839 3518 peccaret,
1859 3454 1906 3500 si
1936 3469 2046 3501 oum
2064 3454 2474 3502 excommunicata

347 3535 602 3599 jurisperiti
640 3534 900 3582 docuerunt
937 3570 951 3594 ‚
999 3551 1113 3598 quos
1166 3545 1370 3583 recenset
1454 3534 1766 3584 contraheret.
1791 3534 1902 3583 Non
1923 3544 2112 3596 tamen,
2132 3543 2332 3602 propter
2354 3534 2438 3581 hoc
2457 3572 2469 3593 ‚

350 3616 545 3664 Basilius
567 3616 758 3663 Pontius
780 3619 829 3663 in
863 3615 910 3663 A
910 3615 1148 3682 ppendice
1176 3615 1232 3662 de
1256 3617 1368 3664 „Ma-
1456 3618 1829 3667 illatrimonium
1851 3617 2179 3669 dirimeretur.
