2508 4120
288 189 421 248 134.

994 206 1311 246 TRAGTATUS
1355 210 1423 246 DE
1466 209 1693 248 ORDINE.

282 349 350 411 40.
385 352 655 430 Pugnant
687 347 915 428 antiqui
944 347 1147 406 Patres
1168 392 1184 422 ,
1226 349 1328 430 qui
1349 394 1365 423 ,
1395 347 1469 408 de
1509 350 1881 413 ordinatione
1915 352 2256 435 loquenteS‚
2282 377 2405 416 non

282 445 456 504 aliam
497 441 802 501 materiam
833 454 1169 501 memorant
1210 466 1388 524 quam
1432 466 1712 506 manuum
1757 450 2234 531 impositionem,
2287 453 2407 510 imo

280 560 390 600 nec
427 536 677 597 Isidorus
699 581 716 611 ,
744 538 843 619 qui
880 539 979 596 vll
1010 538 1134 617 (l)7
1159 559 1267 597 nec
1299 538 1572 599 Alcuinus
1598 584 1615 613 ,
1643 544 1743 624 qui
1776 546 1903 603 VIII
1924 545 2022 626 (2)
2051 589 2066 621 ‚
2096 567 2204 604 nec
2245 548 2408 605 Ama:

280 635 459 693 larius
520 631 612 713 (3)
642 679 657 708 ⁷
718 656 913 716 neque
978 633 1250 694 Rabanus
1310 637 1544 694 Maurus
1599 636 1691 715 (4)
1722 682 1739 712 ‚
1805 661 1995 723 neque
2058 640 2409 701 Walafridus

281 728 491 788 Strabo
523 730 614 810 (5)
639 776 654 805 ,
683 731 782 812 qui
818 732 895 790 IX
921 731 1114 789 seculo
1144 730 1216 791 de
1241 730 1450 790 ritibus
1474 732 1813 792 conferendi
1836 756 2022 795 sacros
2056 736 2307 796 Ordines
2339 758 2412 797 ex

283 825 556 884 instituto
594 836 1070 907 pertractarunt,
1110 827 1643 886 instrumentorum
1687 831 2069 910 porrectionis
2119 833 2410 892 memine-

281 933 444 980 runt.
486 921 552 979 50
580 923 848 1004 Denique
879 933 1146 1005 pugnant
1178 945 1288 1005 pro
1317 922 1523 982 eadem
1554 925 1844 984 sententia
1868 947 2072 986 omnes
2104 928 2414 988 orientales

282 1016 580 1092 Ecclesiae3
615 1012 803 1078 Graeci
825 1020 984 1079 enim
1006 1065 1022 1092 ,
1049 1021 1208 1100 Syri,
1246 1021 1498 1103 AEgyptii
1519 1067 1535 1095 7
1579 1022 1913 1097 Maronitae‚
1946 1034 2057 1082 etc·
2104 1046 2411 1105 nunquam

282 1113 458 1172 aliam
481 1126 848 1194 agnoverunt
874 1115 970 1176 vel
998 1128 1325 1195 agnoscunt
1359 1128 1580 1198 praeter
1608 1116 1760 1176 hanc
1794 1140 1976 1177 unam
2002 1140 2286 1178 manuum
2309 1120 2415 1179 im-

281 1210 659 1291 positionem.
708 1210 879 1284 Quod
911 1211 958 1270 si
1003 1211 1066 1270 in
1103 1212 1225 1272 sola
1255 1234 1547 1272 manuum
1573 1214 1948 1295 impositione
1993 1214 2315 1274 essentialis
2358 1226 2416 1275 et

285 1303 587 1387 adaequata
614 1307 854 1366 materia
881 1306 1281 1369 Ordinationis
1304 1309 1716 1370 constituenda
1741 1322 1830 1370 est
1847 1355 1862 1386 7
1880 1315 2006 1389 jam
2039 1333 2228 1394 prono
2250 1310 2416 1374 alveo

283 1398 452 1475 fluit,
491 1401 741 1461 formam
786 1403 1007 1484 pariter
1047 1404 1422 1464 essentialem
1451 1416 1511 1464 et
1546 1404 1914 1487 adaequatam
1945 1406 2419 1466 constituendam

286 1518 410 1556 esse
427 1497 490 1555 in
514 1498 802 1573 oratione,
818 1520 945 1580 quae
963 1521 1096 1559 eam
1113 1502 1446 1575 comitatum
1468 1501 1727 1583 adeoque
1742 1547 1758 1578 ,
1780 1503 1940 1583 quod
1955 1503 2176 1583 pariter
2201 1503 2416 1563 exinde

285 1593 550 1673 sequitur
570 1637 587 1666 ,
613 1606 883 1675 respectu
907 1594 1222 1655 Sacerdotii
1247 1596 1569 1656 secundam
1594 1598 1833 1678 praecise
1860 1619 2145 1656 manuum
2174 1598 2419 1679 imposi-

286 1688 510 1747 tionem
540 1711 664 1752 esse
706 1692 1017 1750 materiam
1058 1693 1463 1767 essentialem3
1500 1694 1688 1776 prima
1719 1695 1880 1753 enim
1908 1695 2068 1753 nulla
2102 1694 2420 1754 verborum

285 1784 474 1844 forma
499 1786 964 1862 determinatum
997 1790 1169 1848 tertia
1201 1810 1362 1864 vem,
1394 1801 1787 1872 praeterquam
1809 1790 1967 1871 quod
1982 1791 2048 1849 iis
2079 1789 2417 1865 adhibetur,

288 1882 387 1961 qui
414 1886 539 1959 jam
570 1904 701 1941 cum
745 1885 1025 1966 Episcopo
1061 1885 1483 1945 Eucharistiam
1512 1897 1928 1946 consecrarunt
1948 1931 1964 1960 .,
2005 1886 2163 1968 apud
2192 1889 2419 1947 Graecos

287 1987 347 2035 et
372 1978 702 2057 Orientales
746 1980 808 2038 in
848 2002 952 2039 usu
986 1979 1164 2062 plane
1187 2003 1309 2043 non
1334 1993 1452 2056 est,
1489 1994 1666 2064 prout
1691 2004 1799 2042 nec
1833 1982 1989 2065 apud
2016 1983 2247 2042 Latinos
2281 1993 2420 2043 ante

288 2072 550 2134 seculum
579 2076 713 2134 XIII
734 2121 750 2150 ,
775 2087 937 2136 utex
965 2079 1213 2140 vetustis
1234 2078 1635 2138 monumentis
1665 2081 1951 2141 evincunt
1987 2080 2306 2138 Martenius
2327 2077 2417 2157 (6)

357 2294 423 2358 (1)
463 2294 545 2342 De
573 2296 744 2361 officiis
768 2335 780 2355 ‚
811 2298 897 2346 lib.
921 2315 983 2357 n,
1019 2315 1117 2363 cap.
1152 2295 1206 2348 5.
1234 2328 1239 2332 -

359 2377 429 2440 (⁴2)
464 2378 575 2426 Lib.
601 2377 674 2427 De
694 2379 885 2428 divinis
901 2381 1090 2446 officiis,
1111 2399 1212 2447 cap.
1247 2380 1312 2446 34

287 2468 335 2507 et
370 2475 501 2526 seqq.
1231 2477 1235 2479 “

1397 2298 1557 2346 scribit
1590 2315 1603 2346 :
1641 2301 1834 2346 Praeter
1852 2298 1977 2346 lianc
2008 2314 2245 2345 manuum
2271 2299 2424 2362 impo-

1396 2384 1621 2430 sitionem
1636 2418 1650 2439 ,
1669 2381 1820 2430 aliam
1835 2382 2069 2429 describit
2083 2381 2265 2429 editum
2285 2381 2424 2430 Pon-

1397 2465 1574 2529 tificale
1613 2465 1892 2513 Romanum
1926 2466 1986 2512 ab
2036 2463 2273 2531 Episcopo
2307 2473 2421 2531 post

358 2542 425 2606 (3)
462 2541 538 2592 De
572 2543 835 2595 ecclesiast.
874 2547 1046 2612 officiis
1076 2584 1089 2606 ‚
1122 2546 1207 2595 lib.
1240 2564 1275 2594 11
1297 2584 1312 2610 ‚

287 2642 386 2690 cap.
414 2641 470 2672 12
487 2636 532 2674 et
552 2645 684 2694 seqq.
704 2627 839 2676 Extat
853 2631 903 2677 in
918 2627 1151 2678 Biblioth.
1170 2624 1310 2679 Patr.

287 2702 360 2753 De
391 2705 439 2754 Ia
467 2702 634 2774 Bigne
658 2744 672 2769 ,
721 2710 886 2758 Colon.
926 2711 1118 2777 Agripp.
1164 2709 1312 2772 1618,

293 2798 411 2836 tom.
445 2806 513 2838 ιι.

362 2872 429 2935 (li)
469 2872 550 2920 De
580 2874 796 2923 institut.
825 2868 1142 2935 Chricornm,
1168 2875 1248 2925 lib.
1275 2895 1311 2937 1,

292 2972 317 3003 a
345 2971 451 3019 cap.
481 2953 511 3002 5
548 2955 606 3002 ad
631 2971 681 3021 9.

365 3035 430 3101 (5)
470 3034 542 3085 De
569 3037 724 3085 Rebus
755 3036 1010 3088 ecclesiast.
1034 3056 1139 3105 cap.
1179 3039 1243 3104 24
1269 3049 1314 3090 et

293 3136 425 3185 seqq.
463 3119 642 3168 Horum
672 3123 947 3185 scriptorum
992 3123 1314 3172 collectionem

292 3201 484 3250 exhibet
524 3202 749 3250 Melchior
796 3203 1087 3269 Hittorpius,
1123 3204 1194 3254 De
1233 3223 1315 3254 ca-

291 3283 477 3334 tholicoe
521 3285 757 3335 Ecclesiae
802 3286 985 3335 divinis
1040 3289 1316 3353 officiisac

294 3368 586 3416 ministeriis
615 3371 748 3417 varii
763 3377 1054 3417 vetustorum
1079 3371 1186 3434 fere
1211 3387 1314 3418 om-

293 3448 438 3495 nium
453 3450 687 3502 Ecclesia,³
710 3451 921 3500 Patrum
943 3461 987 3500 et
1011 3453 1313 3516 Scriptorum

294 3527 432 3578 libri.
456 3531 558 3589 vol,
577 3549 593 3578 1
615 3570 628 3590 ‚
652 3536 700 3580 in
729 3534 815 3583 sol.
835 3533 1035 3583 Coloniae
1060 3531 1208 3595 1568,
1229 3538 1317 3584 ite-

298 3627 403 3658 rum
425 3611 583 3659 Romae
618 3612 764 3681 1591.

371 3692 437 3756 (6)
475 3693 587 3742 Loc.
619 3697 698 3742 cit.
727 3707 813 3745 art.
835 3713 869 3763 9
890 3696 953 3764 ,ξ
981 3714 1034 3745 12
1060 3735 1073 3757 ,
1110 3697 1195 3747 ubi
1218 3699 1316 3747 haec

1398 2549 1787 2596 communionem
1818 2548 2096 2612 faciendam
2122 2548 2223 2596 hoec
2247 2549 2415 2614 profe-

1399 2640 1526 2678 rente
1555 2630 1731 2679 verba:
1766 2630 1987 2696 Accipite
2020 2627 2262 2696 Spiritum
2294 2629 2423 2677 San·
2500 2643 2506 2649 ·

1400 2722 1550 2773 ctum,
1589 2730 1821 2777 qaorum,
1859 2720 1948 2761 etc.
1989 2726 2100 2776 'qna’
2135 2712 2328 2776 quidem
2351 2713 2423 2759 ita

1401 2794 1666 2842 essentialis
1686 2794 2008 2842 Ordinationi
2029 2793 2420 2858 presbyterorum

1400 2875 1591 2923 videtur
1617 2875 1871 2924 nonnullis
1898 2874 2195 2923 scholasticis
2217 2911 2233 2936 ,
2278 2892 2335 2923 ea
2367 2884 2425 2924 ut

1400 2959 1577 3006 omissa
1597 2995 1610 3017 ‚
1634 2957 1840 3023 perfecti
1868 2957 1966 3004 dici
1988 2965 2225 3021 nequeant
2255 2961 2411 3005 Pres-

1400 3039 1725 3104 byteri3-nam
1744 3077 1757 3099 ,
1789 3041 1879 3087 etsi
1886 3041 2000 3105 jam
2031 3041 2303 3105 acceperint
2323 3057 2414 3105 po-

1400 3130 1609 3169 testatem
1637 3122 1869 3188 offerendi
1896 3118 2149 3186 Sacrificii
2167 3160 2180 3178 ,
2219 3122 2423 3170 necdum

1400 3212 1560 3251 tamen
1580 3213 1865 3271 acceperunt
1894 3204 2174 3252 dimittendi
2195 3212 2414 3270 peccata.

1407 3285 1466 3334 V
1458 3304 1593 3335 erum
1644 3296 1737 3336 toto
1784 3287 2006 3335 aberrare
2057 3286 2172 3336 coelo
2223 3287 2419 3351 inficias

1401 3370 1565 3418 nullas
1595 3373 1742 3434 ierit,
1765 3372 1854 3435 qai
1876 3373 2102 3435 antiquos
2130 3369 2417 3417 Ordinatio-

1400 3470 1516 3500 num
1534 3471 1781 3521 sacrarum
1796 3456 1919 3501 ritus
1935 3454 2007 3501 vel
2019 3450 2425 3518 leviperlustrarit

1401 3535 1564 3599 ocul03
1595 3545 1751 3602 utpote
1794 3538 1880 3600 qui
1907 3535 2092 3583 nullam
2123 3548 2326 3599 prorsas
2367 3530 2424 3576 il-

1398 3613 1500 3665 lius
1530 3620 1814 3666 mentionem
1840 3618 2064 3683 fecerint.
2097 3614 2230 3680 Quod
2258 3613 2425 3661 deinde

1399 3699 1499 3749 fuse
1541 3704 1855 3767 prosequitur.
1892 3700 2065 3748 Eadem
2099 3697 2243 3745 ferme
2282 3695 2424 3746 habet
