2612 4146
659 231 728 267 »Ε
771 228 1270 269 innurenurunum
1313 226 1622 266 masmim.
2162 207 2234 267 37

141 419 143 421 ·
217 385 314 444 72.
367 382 453 442 Ad
488 382 605 456 6¹¹¹,
651 386 791 462 Ncq.
831 384 888 441 S.
928 383 1177 443 Leonem
1222 383 1284 440 in
1321 381 1558 459 objectis
1596 378 1788 441 verbis
1827 380 2106 441 doctrinae
2135 403 2234 442 ca·

136 478 387 552 tholicae,
415 499 589 559 quam
616 498 1075 558 propugnamus,
1111 476 1301 557 aliqua
1329 477 1553 535 ratione
1574 474 1867 536 adversari
1891 521 1907 550 ,
1935 476 1982 534 si
2010 477 2120 536 rite
2145 478 2239 536 in-

131 572 485 652 telligantur.
509 571 735 630 Etenim
758 594 878 629 non
904 570 1061 629 aliud
1089 571 1283 629 docuit
1305 572 1363 627 S.
1386 572 1520 644 Leo,
1540 592 1716 652 quam
1735 570 1926 629 solum
1942 569 2235 630 Christum

132 689 238 726 nos
275 666 616 739 redemisse,
662 687 726 724 ac
774 667 842 724 de
879 666 1168 744 condzyno
1217 685 1324 744 pro
1364 662 1574 722 debitis
1610 665 1823 723 nostris
1865 665 2226 726 satisfecisse.

134 760 302 835 Quod
339 782 513 820 nemo
555 760 867 819 catholicus
904 770 992 819 est
1020 759 1119 839 qui
1159 766 1281 815 non
1323 756 1548 816 doceat.
1592 759 1742 817 Dum
1785 770 2091 840 propterea
2121 761 2239 819 Ca-

134 855 332 914 tholici
356 866 584 929 tenent,
619 854 1030 913 satisfactiones
1058 851 1403 909 Sanctorum
1419 849 1749 930 persolvere
1779 852 1974 912 debita
2006 841 2236 936 tempo-

129 950 264 1009 ralis
295 971 484 1032 poenae
523 972 555 1008 a
592 949 759 1008 nobis
797 946 1164 1029 promeritae,
1205 966 1274 1003 eo
1317 965 1492 1003 sensu
1538 945 1601 1003 id
1644 959 1947 1022 asserunt,
1986 948 2143 1030 quod
2169 952 2240 1008 de

130 1066 392 1124 conyruo
420 1043 588 1103 nobis
614 1042 871 1124 prosint,
915 1050 1201 1121 quatenus
1237 1059 1439 1098 eorum
1474 1039 1976 1100 intercessionibus
2003 1064 2067 1100 ac
2090 1043 2241 1102 solu-

131 1139 387 1197 tionibus
415 1138 583 1197 nobis
618 1135 985 1218 applicantur
1021 1134 1229 1194 merita
1273 1133 1507 1192 Christi.
1553 1135 1827 1215 Superius
1865 1136 2024 1193 enim
2054 1137 2239 1197 adno-

132 1234 407 1306 tavimuS,
432 1234 772 1290 Sanctorum
784 1228 1202 1288 satisfactiones
1216 1226 1382 1287 nobis
1399 1227 1678 1310 applicari
1696 1274 1712 1303 ,
1738 1230 2236 1310 quemadmodum

132 1326 499 1409 applicantur
524 1323 692 1383 nobis
718 1320 1135 1383 satisfactiones
1157 1323 1485 1383 viventium
1502 1319 1525 1397 ',
1560 1344 1688 1405 quae
1712 1335 1870 1384 certo
1895 1326 2132 1383 nonnisi
2165 1326 2238 1386 de

131 1440 380 1498 congruo
409 1419 532 1479 vim
552 1418 775 1478 habent
797 1417 954 1500 apud
970 1417 1233 1478 divinam
1252 1417 1559 1494 justitiam.
1592 1417 1813 1477 Exinde
1841 1429 2035 1500 patet,
2061 1419 2242 1478 furio-

129 1535 254 1572 sam
305 1513 527 1576 Calvini
573 1513 1055 1572 declamationem
1093 1522 1395 1571 consutam
1437 1533 1560 1572 esse
1602 1533 1675 1572 ex
1717 1525 2072 1595 praepostera
2131 1514 2240 1573 do-

128 1608 329 1667 ctrinae
364 1607 654 1667 catholicae
693 1607 1053 1689 expositione
1075 1617 1136 1665 et
1164 1605 1502 1679 calumniiS,
1539 1607 1623 1666 uti
1646 1606 1876 1685 jamdiu
1903 1607 2241 1668 ostenderat

129 1702 510 1762 Bellarminus
540 1702 654 1783 (l).

199 1895 263 1958 (1)
301 1895 380 1943 De
403 1894 606 1960 Indulq.
638 1895 722 1944 lib.
748 1912 801 1957 11,
831 1913 936 1961 cap.
969 1895 1019 1959 4,
1063 1895 1143 1944 ubi

131 1986 343 2039 praeterea
367 1977 618 2026 nonnullas
647 1978 758 2026 alias
777 1977 915 2025 solvit
939 1977 1146 2025 difficul-

132 2065 272 2117 tates,
301 2074 414 2123 quas
438 2076 490 2106 ex
523 2057 573 2106 S.
603 2058 859 2124 Augustino
886 2068 1016 2124 urget
1033 2055 1142 2107 Cal-

132 2139 280 2186 vinus.
299 2137 539 2204 Sapienter
562 2157 698 2205 porro
722 2141 956 2201 admonet,
986 2140 1074 2188 lib.
1093 2156 1109 2187 1
1124 2177 1139 2200 ,

131 2235 233 2284 cap.
270 2218 333 2283 4,
369 2239 421 2269 n.
464 2219 498 2284 4
530 2221 810 2286 :Quomodo
842 2231 993 2270 antem
1031 2238 1142 2268 con-

130 2313 315 2349 currant
366 2305 416 2349 in
473 2303 558 2351 hac
603 2304 907 2368 applicatione
963 2295 1141 2350 satisfa-

131 2385 307 2431 ctiones
332 2383 500 2433 Christi
521 2402 629 2433 cum
647 2385 935 2449 passionibus
949 2383 1141 2432 Sancto-

134 2480 237 2511 rum
260 2501 274 2523 ,
301 2466 350 2512 id
384 2476 481 2525 est,
520 2483 580 2513 an
621 2467 873 2530 applicetur
911 2483 1014 2530 pars
1043 2483 1140 2513 uua

135 2545 455 2593 satisfactionis
510 2563 564 2594 ex
603 2546 894 2610 passionibus
935 2546 1137 2606 Christi,

134 2642 237 2690 pars
275 2625 366 2673 alia
395 2643 449 2674 ex
487 2626 777 2690 passionibus
817 2612 1092 2674 sanctorum
1123 2662 1137 2685 ,

133 2723 194 2753 an
236 2724 341 2755 vero
380 2710 556 2772 integra
603 2708 850 2755 satisfactio
891 2710 1141 2772 accipiatur

132 2805 309 2852 semper
343 2804 396 2836 ex
422 2789 710 2853 passionibus
749 2787 952 2846 Christi,
989 2798 1033 2835 et
1064 2804 1141 2836 su-

132 2868 439 2933 peraddantur
505 2870 564 2919 ad
624 2870 863 2918 cumulum
914 2872 1139 2934 passiones

132 2948 403 2998 Sanctorum
425 2988 439 3011 ‚
471 2968 568 3000 non
596 2951 776 3000 videtur
800 2953 940 2999 nimis
965 2948 1140 3000 curiose

134 3033 518 3098 investigandum.
550 3033 616 3082 lta
645 3034 832 3099 quidem
850 3037 954 3098 pius
983 3051 1035 3081 ac
1051 3033 1138 3081 do-

137 3121 235 3163 ctus
263 3113 539 3163 Cardiualis.
558 3113 737 3163 Verum
760 3114 930 3164 Christ.
947 3115 1103 3179 Lupus
1121 3152 1134 3174 ‚

139 3191 246 3240 diss.
273 3196 351 3241 cit.
370 3211 471 3260 cap.
490 3211 540 3260 7,
564 3196 713 3255 addit,
732 3213 816 3243 nos
839 3199 938 3260 cogi
956 3195 1137 3245 Calvini

139 3273 377 3322 calumniis
404 3277 453 3324 id
485 3277 772 3340 investigare.
802 3275 970 3326 Statuit
998 3295 1137 3342 prop-

139 3362 261 3402 terea
287 3389 300 3413 ‚
333 3367 504 3404 certum
525 3375 619 3407 esse
640 3376 733 3406 nou
750 3361 813 3406 sic
832 3361 1008 3407 misceri
1023 3358 1140 3408 San-

1227 1913 1321 1944 una
1359 1898 1535 1961 integra
1585 1895 1897 1961 Indulgentia.
1943 1897 2077 1946 Hanc
2112 1901 2238 1947 euim

1226 1979 1478 2026 mixturam
1505 1976 1723 2026 Calvinus
1746 1981 2023 2043 impugnat3
2062 1990 2106 2028 et
2130 2017 2144 2038 ,
2189 1991 2240 2028 ut

1224 2059 1441 2123 praefatus
1465 2070 1621 2108 auctor
1638 2060 1843 2125 loquitur
1859 2096 1875 2121 ‚
1903 2078 1956 2108 ex
1974 2061 2110 2109 firmo
2134 2062 2241 2109 fun-

1225 2140 1461 2189 damento.
1492 2140 1733 2206 Ejusmodi
1753 2142 1896 2189 deviae
1928 2143 2236 2207 quorumdam

1223 2220 1598 2269 scholasticorum
1620 2224 1858 2270 sententiae
1874 2223 2136 2288 frequenter
2156 2224 2238 2272 de-

1223 2294 1391 2350 deruut
1429 2320 1586 2351 ansam
1632 2304 1854 2351 haereticis
1899 2306 1950 2351 in
1987 2303 2238 2353 Ecclesiam

1222 2383 1483 2432 calumniis.
1501 2384 1701 2432 Istorum
1716 2402 1862 2450 nugas
1877 2423 1895 2445 ,
1912 2402 2092 2450 semper
2111 2386 2234 2434 idem

1223 2475 1382 2513 auctor
1417 2467 1593 2530 pergit,
1629 2466 1677 2512 hi
1710 2469 1806 2513 suis
1835 2467 2070 2514 venditant
2097 2476 2151 2514 ut
2179 2467 2234 2514 fi-

1223 2546 1329 2594 dem
1343 2549 1482 2593 totius
1493 2546 1727 2594 catholicae
1737 2548 2097 2594 communionis.
2105 2532 2236 2595 ⁶Cum

1222 2643 1330 2674 vero
1344 2627 1590 2675 ostenderit
1603 2629 1867 2675 auctoritate
1879 2626 2074 2675 Concilii
2090 2627 2236 2692 Ephe-

1223 2709 1312 2754 siui
1341 2717 1385 2755 et
1405 2706 1491 2756 SS.
1511 2706 1700 2761 Patrum
1719 2744 1733 2769 ,
1755 2709 2006 2756 satisfacere
2032 2726 2114 2773 pro
2129 2709 2236 2758 aliis

1222 2788 1279 2835 de
1294 2789 1522 2854 condigno
1530 2792 1767 2854 proprium
1779 2805 1874 2838 esse
1889 2791 2029 2838 solius
2042 2790 2232 2850 Christi,

1221 2870 1456 2917 concludit
1497 2887 1511 2918 ε
1550 2866 1763 2918 Proinde
1795 2867 2087 2918 Sanctorum
2118 2888 2234 2937 pas-

1222 2951 1378 2998 siones
1394 2947 1609 2998 nonnisi'
1626 2953 1923 3016 impetrando
1947 2989 1960 3010 ‚
1999 2969 2083 3000 seu
2107 2968 2232 3000 non-

1219 3034 1323 3079 nisi
1344 3032 1406 3079 de
1430 3041 1852 3098 eonqruopossum
1862 3033 2105 3098 prodesse.
2126 3034 2230 3082 Nec

1220 3112 1371 3161 aliam
1393 3115 1615 3162 virtute-m
1637 3114 1812 3162 habent
1823 3116 1881 3162 in
1895 3112 2128 3162 Ecclesiae
2139 3115 2215 3163 the
2228 3145 2238 3154 -

1219 3210 1379 3244 saum.
1393 3193 1594 3242 Demum
1610 3197 1842 3260 patefacit,
1862 3211 1961 3260 quo·
1975 3211 2109 3244 sensu
2129 3197 2233 3245 fue-

1220 3279 1312 3323 rint
1329 3278 1588 3341 proscriptae
1604 3277 1704 3344 Baji
1726 3277 2058 3341 propositiones
2077 3314 2091 3338 ,
2112 3296 2228 3344 quas

1220 3361 1428 3422 superius
1453 3359 1714 3419 retulimus,
1731 3373 1926 3421 nempe:
1951 3365 2000 3403 1⁰
2014 3362 2119 3421 quia
2141 3360 2228 3408 Ba-

139 3438 323 3500 guinem
367 3436 535 3487 Christi
568 3457 675 3487 cum
711 3443 932 3504 sanguiue
961 3440 1137 3506 Marty·
1216 3441 1425 3504 jusvisus
1440 3451 1506 3488 est
1519 3439 1788 3489 Sanctorum
1806 3437 1922 3487 ΜΜ.
1942 3439 2228 3503 passionibus

138 3534 242 3564 rum
266 3555 279 3574 ,
311 3535 391 3566 seu
409 3520 731 3570 satisfactiones
749 3520 918 3570 Christi
938 3539 1047 3571 cum
1060 3540 1135 3571 sa·
1221 3541 1406 3573 omnem
1435 3522 1570 3571 nobis
1587 3521 1792 3570 merendi
1819 3533 1864 3571 et
1887 3540 1970 3588 pro
1996 3522 2129 3572 uobis
2155 3541 2227 3571 sa-

143 3598 471 3647 tisfactionibus
504 3599 812 3661 Sanctorum,
854 3614 908 3651 ut
949 3621 1008 3651 ex
1041 3621 1138 3652 am·
1223 3604 1477 3653 tisfaeiendi
1521 3605 1737 3651 virtutem
1776 3604 1972 3654 auferre.
2017 3612 2070 3652 2⁰
2108 3603 2233 3667 Quia-

139 3679 288 3728 babus
320 3680 574 3744 applicetur
597 3700 679 3731 sua
708 3680 856 3746 portio
876 3720 890 3744 ,
912 3687 1044 3733 etsie
1060 3686 1142 3733 fiat
1222 3689 1346 3734 visus
1374 3696 1441 3734 est
1464 3683 1684 3749 denegare
1715 3687 2004 3750 passionibus
2034 3684 2233 3734 Sancto-
