<?xml version="1.0" encoding="UTF-8"?>
<!DOCTYPE html PUBLIC "-//W3C//DTD XHTML 1.0 Transitional//EN"
    "http://www.w3.org/TR/xhtml1/DTD/xhtml1-transitional.dtd">
<html xmlns="http://www.w3.org/1999/xhtml" xml:lang="en" lang="en">
 <head>
  <title>
</title>
<meta http-equiv="Content-Type" content="text/html;charset=utf-8" />
  <meta name='ocr-system' content='tesseract 3.04.00' />
  <meta name='ocr-capabilities' content='ocr_page ocr_carea ocr_par ocr_line ocrx_word'/>
</head>
<body>
  <div class='ocr_page' id='page_1' title='image "a603693807perruoft_0400.png"; bbox 0 0 2508 4120; ppageno 0'>
   <div class='ocr_carea' id='block_1_1' title="bbox 267 97 388 187">
    <p class='ocr_par' dir='ltr' id='par_1_1' title="bbox 267 97 388 187">
     <span class='ocr_line' id='line_1_1' title="bbox 267 97 388 187; baseline -0.008 -32"><span class='ocrx_word' id='word_1_1' title='bbox 267 97 388 187; x_wconf 70' lang='lat'><strong>392</strong></span> 
     </span>
    </p>
   </div>
   <div class='ocr_carea' id='block_1_2' title="bbox 881 114 1743 156">
    <p class='ocr_par' dir='ltr' id='par_1_2' title="bbox 881 114 1743 156">
     <span class='ocr_line' id='line_1_2' title="bbox 881 114 1743 156; baseline 0.003 -3"><span class='ocrx_word' id='word_1_2' title='bbox 881 114 1209 153; x_wconf 73' lang='lat' dir='ltr'>TRACTATUS</span> <span class='ocrx_word' id='word_1_3' title='bbox 1253 115 1322 152; x_wconf 75' lang='lat' dir='ltr'><strong>DE</strong></span> <span class='ocrx_word' id='word_1_4' title='bbox 1366 116 1743 156; x_wconf 63' lang='lat' dir='ltr'><strong>manumomo.</strong></span> 
     </span>
    </p>
   </div>
   <div class='ocr_carea' id='block_1_3' title="bbox 262 255 2389 463">
    <p class='ocr_par' dir='ltr' id='par_1_3' title="bbox 262 255 2389 432">
     <span class='ocr_line' id='line_1_3' title="bbox 265 255 2389 338; baseline -0.001 -21"><span class='ocrx_word' id='word_1_5' title='bbox 265 257 619 318; x_wconf 69' lang='lat' dir='ltr'><strong>tholicorum</strong></span> <span class='ocrx_word' id='word_1_6' title='bbox 651 265 882 314; x_wconf 85' lang='lat' dir='ltr'><strong>mentes</strong></span> <span class='ocrx_word' id='word_1_7' title='bbox 918 255 1213 318; x_wconf 80' lang='lat' dir='ltr'><strong>inierunt:</strong></span> <span class='ocrx_word' id='word_1_8' title='bbox 1259 267 1436 338; x_wconf 88' lang='lat' dir='ltr'><strong>atque</strong></span> <span class='ocrx_word' id='word_1_9' title='bbox 1477 256 1622 316; x_wconf 91' lang='lat' dir='ltr'><strong>dum</strong></span> <span class='ocrx_word' id='word_1_10' title='bbox 1657 255 1851 317; x_wconf 86' lang='lat' dir='ltr'><strong>verbis</strong></span> <span class='ocrx_word' id='word_1_11' title='bbox 1889 258 2137 320; x_wconf 85' lang='lat' dir='ltr'><strong>istorum</strong></span> <span class='ocrx_word' id='word_1_12' title='bbox 2177 271 2389 326; x_wconf 65' lang='lat' dir='ltr'><strong>incole..</strong></span> 
     </span>
     <span class='ocr_line' id='line_1_4' title="bbox 262 348 2387 463; baseline 0.005 -52"><span class='ocrx_word' id='word_1_13' title='bbox 262 356 538 413; x_wconf 77' lang='lat' dir='ltr'><strong>rantiam</strong></span> <span class='ocrx_word' id='word_1_14' title='bbox 577 348 902 425; x_wconf 79' lang='lat' dir='ltr'><strong>damnant,</strong></span> <span class='ocrx_word' id='word_1_15' title='bbox 931 350 1114 409; x_wconf 90' lang='lat' dir='ltr'><strong>iidem</strong></span> <span class='ocrx_word' id='word_1_16' title='bbox 1146 371 1208 410; x_wconf 92' lang='lat' dir='ltr'><strong>se</strong></span> <span class='ocrx_word' id='word_1_17' title='bbox 1236 350 1500 432; x_wconf 87' lang='lat' dir='ltr'><strong>produnt</strong></span> <span class='ocrx_word' id='word_1_18' title='bbox 1522 351 1684 411; x_wconf 85' lang='lat' dir='ltr'><strong>factis</strong></span> <span class='ocrx_word' id='word_1_19' title='bbox 1717 352 2047 413; x_wconf 82' lang='lat' dir='ltr'><strong>decantatae</strong></span> <span class='ocrx_word' id='word_1_20' title='bbox 2084 353 2228 416; x_wconf 88' lang='lat' dir='ltr'><strong>adeo</strong></span> <span class='ocrx_word' id='word_1_21' title='bbox 2252 363 2387 463; x_wconf 79' lang='lat' dir='ltr'><strong>tole-</strong></span> 
     </span>
    </p>
   </div>
   <div class='ocr_carea' id='block_1_4' title="bbox 270 445 1346 546">
    <p class='ocr_par' dir='ltr' id='par_1_4' title="bbox 270 445 1346 546">
     <span class='ocr_line' id='line_1_5' title="bbox 270 445 1346 546; baseline 0 -39"><span class='ocrx_word' id='word_1_22' title='bbox 270 451 492 508; x_wconf 74' lang='lat' dir='ltr'><strong>rantt&#39;oe</strong></span> <span class='ocrx_word' id='word_1_23' title='bbox 519 445 958 546; x_wconf 87' lang='lat' dir='ltr'><strong>acerbissimos</strong></span> <span class='ocrx_word' id='word_1_24' title='bbox 943 447 1207 507; x_wconf 86' lang='lat' dir='ltr'><strong>mimicos</strong></span> <span class='ocrx_word' id='word_1_25' title='bbox 1235 449 1346 528; x_wconf 91' lang='lat' dir='ltr'><strong>(l).</strong></span> 
     </span>
    </p>
   </div>
   <div class='ocr_carea' id='block_1_5' title="bbox 261 625 1289 775">
    <p class='ocr_par' dir='ltr' id='par_1_5' title="bbox 261 625 1289 775">
     <span class='ocr_line' id='line_1_6' title="bbox 330 625 1289 692; baseline 0.004 -20"><span class='ocrx_word' id='word_1_26' title='bbox 330 625 399 691; x_wconf 88' lang='lat' dir='ltr'><strong>(l)</strong></span> <span class='ocrx_word' id='word_1_27' title='bbox 437 625 542 675; x_wconf 92' lang='lat' dir='ltr'><strong>Huc</strong></span> <span class='ocrx_word' id='word_1_28' title='bbox 560 626 772 676; x_wconf 88' lang='lat' dir='ltr'><strong>videlicet</strong></span> <span class='ocrx_word' id='word_1_29' title='bbox 801 637 971 692; x_wconf 86' lang='lat' dir='ltr'><strong>spectat</strong></span> <span class='ocrx_word' id='word_1_30' title='bbox 985 645 1129 692; x_wconf 86' lang='lat' dir='ltr'><strong>genus</strong></span> <span class='ocrx_word' id='word_1_31' title='bbox 1149 644 1289 676; x_wconf 90' lang='lat' dir='ltr'><strong>omne</strong></span> 
     </span>
     <span class='ocr_line' id='line_1_7' title="bbox 261 707 1288 775; baseline 0.003 -21"><span class='ocrx_word' id='word_1_32' title='bbox 261 707 483 756; x_wconf 87' lang='lat' dir='ltr'><strong>fraudum</strong></span> <span class='ocrx_word' id='word_1_33' title='bbox 531 719 575 757; x_wconf 82' lang='lat' dir='ltr'><strong>et</strong></span> <span class='ocrx_word' id='word_1_34' title='bbox 615 708 844 757; x_wconf 90' lang='lat' dir='ltr'><strong>malarum</strong></span> <span class='ocrx_word' id='word_1_35' title='bbox 874 711 1079 769; x_wconf 84' lang='lat' dir='ltr'><strong>artium,</strong></span> <span class='ocrx_word' id='word_1_36' title='bbox 1116 708 1288 775; x_wconf 90' lang='lat' dir='ltr'><strong>quibus</strong></span> 
     </span>
    </p>
   </div>
   <div class='ocr_carea' id='block_1_6' title="bbox 259 790 1287 934">
    <p class='ocr_par' dir='ltr' id='par_1_6' title="bbox 259 790 1287 934">
     <span class='ocr_line' id='line_1_8' title="bbox 259 790 1286 857; baseline 0.002 -20"><span class='ocrx_word' id='word_1_37' title='bbox 259 798 518 857; x_wconf 89' lang='lat' dir='ltr'><strong>utrumque</strong></span> <span class='ocrx_word' id='word_1_38' title='bbox 546 793 770 856; x_wconf 85' lang='lat' dir='ltr'><strong>regimen,</strong></span> <span class='ocrx_word' id='word_1_39' title='bbox 789 791 1035 840; x_wconf 90' lang='lat' dir='ltr'><strong>Russicum</strong></span> <span class='ocrx_word' id='word_1_40' title='bbox 1053 802 1095 841; x_wconf 86' lang='lat' dir='ltr'><strong>et</strong></span> <span class='ocrx_word' id='word_1_41' title='bbox 1113 790 1286 840; x_wconf 87' lang='lat' dir='ltr'><strong>Borus-</strong></span> 
     </span>
     <span class='ocr_line' id='line_1_9' title="bbox 261 863 1287 934; baseline -0.009 -16"><span class='ocrx_word' id='word_1_42' title='bbox 261 873 412 921; x_wconf 88' lang='lat' dir='ltr'><strong>sicum</strong></span> <span class='ocrx_word' id='word_1_43' title='bbox 435 911 448 934; x_wconf 83' lang='lat'><strong>‚</strong></span> <span class='ocrx_word' id='word_1_44' title='bbox 485 874 700 930; x_wconf 65' lang='lat' dir='ltr'><strong>plur-ibus</strong></span> <span class='ocrx_word' id='word_1_45' title='bbox 737 882 858 912; x_wconf 71' lang='lat' dir='ltr'><strong>retro</strong></span> <span class='ocrx_word' id='word_1_46' title='bbox 886 866 1020 911; x_wconf 86' lang='lat' dir='ltr'><strong>annis</strong></span> <span class='ocrx_word' id='word_1_47' title='bbox 1051 863 1287 911; x_wconf 82' lang='lat' dir='ltr'><strong>obstinato</strong></span> 
     </span>
    </p>
   </div>
   <div class='ocr_carea' id='block_1_7' title="bbox 258 944 1298 3651">
    <p class='ocr_par' dir='ltr' id='par_1_7' title="bbox 258 944 1298 3651">
     <span class='ocr_line' id='line_1_10' title="bbox 259 944 1287 1011; baseline -0.003 -16"><span class='ocrx_word' id='word_1_48' title='bbox 259 948 454 996; x_wconf 89' lang='lat' dir='ltr'><strong>consilio</strong></span> <span class='ocrx_word' id='word_1_49' title='bbox 469 949 632 1007; x_wconf 86' lang='lat' dir='ltr'><strong>utitur,</strong></span> <span class='ocrx_word' id='word_1_50' title='bbox 648 946 707 994; x_wconf 90' lang='lat' dir='ltr'><strong>ad</strong></span> <span class='ocrx_word' id='word_1_51' title='bbox 723 946 994 1011; x_wconf 82' lang='lat' dir='ltr'><strong>religionem</strong></span> <span class='ocrx_word' id='word_1_52' title='bbox 1010 944 1287 993; x_wconf 82' lang='lat' dir='ltr'><strong>catholicam</strong></span> 
     </span>
     <span class='ocr_line' id='line_1_11' title="bbox 258 1028 1283 1095; baseline -0.001 -17"><span class='ocrx_word' id='word_1_53' title='bbox 258 1033 312 1078; x_wconf 88' lang='lat' dir='ltr'><strong>in</strong></span> <span class='ocrx_word' id='word_1_54' title='bbox 335 1029 427 1078; x_wconf 90' lang='lat' dir='ltr'><strong>illis</strong></span> <span class='ocrx_word' id='word_1_55' title='bbox 456 1029 704 1095; x_wconf 87' lang='lat' dir='ltr'><strong>provinciis</strong></span> <span class='ocrx_word' id='word_1_56' title='bbox 730 1029 940 1077; x_wconf 86' lang='lat' dir='ltr'><strong>funditus</strong></span> <span class='ocrx_word' id='word_1_57' title='bbox 967 1028 1283 1078; x_wconf 84' lang='lat' dir='ltr'><strong>evertendam.</strong></span> 
     </span>
     <span class='ocr_line' id='line_1_12' title="bbox 260 1110 1288 1177; baseline -0.001 -16"><span class='ocrx_word' id='word_1_58' title='bbox 260 1110 385 1177; x_wconf 35' lang='lat' dir='ltr'><strong>Quas,</strong></span> <span class='ocrx_word' id='word_1_59' title='bbox 413 1112 565 1160; x_wconf 90' lang='lat' dir='ltr'><strong>moliti</strong></span> <span class='ocrx_word' id='word_1_60' title='bbox 610 1113 661 1160; x_wconf 90' lang='lat' dir='ltr'><strong>in</strong></span> <span class='ocrx_word' id='word_1_61' title='bbox 700 1110 825 1160; x_wconf 90' lang='lat' dir='ltr'><strong>hanc</strong></span> <span class='ocrx_word' id='word_1_62' title='bbox 857 1128 957 1160; x_wconf 89' lang='lat' dir='ltr'><strong>rem</strong></span> <span class='ocrx_word' id='word_1_63' title='bbox 997 1112 1288 1177; x_wconf 81' lang='lat' dir='ltr'>aggressique</span> 
     </span>
     <span class='ocr_line' id='line_1_13' title="bbox 258 1193 1288 1245; baseline -0.001 -2"><span class='ocrx_word' id='word_1_64' title='bbox 258 1194 435 1244; x_wconf 85' lang='lat' dir='ltr'><strong>fuerint</strong></span> <span class='ocrx_word' id='word_1_65' title='bbox 463 1196 559 1245; x_wconf 88' lang='lat' dir='ltr'><strong>sive</strong></span> <span class='ocrx_word' id='word_1_66' title='bbox 581 1193 872 1243; x_wconf 79' lang='lat' dir='ltr'><strong>schismatici</strong></span> <span class='ocrx_word' id='word_1_67' title='bbox 907 1196 1000 1243; x_wconf 87' lang='lat' dir='ltr'><strong>sive</strong></span> <span class='ocrx_word' id='word_1_68' title='bbox 1021 1193 1288 1243; x_wconf 88' lang='lat' dir='ltr'><strong>Protestan-</strong></span> 
     </span>
     <span class='ocr_line' id='line_1_14' title="bbox 263 1277 1287 1344; baseline 0 -19"><span class='ocrx_word' id='word_1_69' title='bbox 263 1287 360 1338; x_wconf 74' lang='lat' dir='ltr'><strong>tce,</strong></span> <span class='ocrx_word' id='word_1_70' title='bbox 403 1294 457 1326; x_wconf 91' lang='lat' dir='ltr'><strong>ea</strong></span> <span class='ocrx_word' id='word_1_71' title='bbox 495 1279 654 1344; x_wconf 83' lang='lat' dir='ltr'><strong>paucis</strong></span> <span class='ocrx_word' id='word_1_72' title='bbox 691 1277 937 1343; x_wconf 87' lang='lat' dir='ltr'><strong>complecti</strong></span> <span class='ocrx_word' id='word_1_73' title='bbox 986 1294 1287 1344; x_wconf 87' lang='lat' dir='ltr'><strong>nequaquam</strong></span> 
     </span>
     <span class='ocr_line' id='line_1_15' title="bbox 262 1358 1289 1425; baseline 0.001 -18"><span class='ocrx_word' id='word_1_74' title='bbox 262 1376 505 1425; x_wconf 90' lang='lat' dir='ltr'><strong>possumus</strong></span> <span class='ocrx_word' id='word_1_75' title='bbox 529 1378 542 1422; x_wconf 89' lang='lat'>;</span> <span class='ocrx_word' id='word_1_76' title='bbox 568 1377 717 1425; x_wconf 88' lang='lat' dir='ltr'><strong>pauca</strong></span> <span class='ocrx_word' id='word_1_77' title='bbox 746 1370 909 1409; x_wconf 83' lang='lat' dir='ltr'><strong>tamen·</strong></span> <span class='ocrx_word' id='word_1_78' title='bbox 941 1358 1000 1407; x_wconf 86' lang='lat' dir='ltr'><strong>ab</strong></span> <span class='ocrx_word' id='word_1_79' title='bbox 1038 1359 1132 1407; x_wconf 87' lang='lat' dir='ltr'><strong>illis</strong></span> <span class='ocrx_word' id='word_1_80' title='bbox 1165 1370 1289 1425; x_wconf 82' lang='lat' dir='ltr'><strong>gesta</strong></span> 
     </span>
     <span class='ocr_line' id='line_1_16' title="bbox 260 1443 1290 1510; baseline -0.001 -18"><span class='ocrx_word' id='word_1_81' title='bbox 260 1444 737 1503; x_wconf 82' lang='lat' dir='ltr'><strong>commemorabimus</strong></span> <span class='ocrx_word' id='word_1_82' title='bbox 760 1480 775 1503; x_wconf 93' lang='lat'>‚</span> <span class='ocrx_word' id='word_1_83' title='bbox 820 1461 875 1492; x_wconf 86' lang='lat' dir='ltr'><strong>ex</strong></span> <span class='ocrx_word' id='word_1_84' title='bbox 918 1443 1092 1510; x_wconf 86' lang='lat' dir='ltr'><strong>quibus</strong></span> <span class='ocrx_word' id='word_1_85' title='bbox 1141 1462 1290 1492; x_wconf 91' lang='lat' dir='ltr'><strong>unus-</strong></span> 
     </span>
     <span class='ocr_line' id='line_1_17' title="bbox 262 1528 1289 1592; baseline 0.001 -19"><span class='ocrx_word' id='word_1_86' title='bbox 262 1528 463 1592; x_wconf 88' lang='lat' dir='ltr'><strong>quisque</strong></span> <span class='ocrx_word' id='word_1_87' title='bbox 495 1544 663 1591; x_wconf 86' lang='lat' dir='ltr'><strong>capere</strong></span> <span class='ocrx_word' id='word_1_88' title='bbox 688 1537 946 1575; x_wconf 86' lang='lat' dir='ltr'><strong>ceterorum</strong></span> <span class='ocrx_word' id='word_1_89' title='bbox 973 1529 1289 1592; x_wconf 85' lang='lat' dir='ltr'><strong>conjecturam</strong></span> 
     </span>
     <span class='ocr_line' id='line_1_18' title="bbox 259 1607 1290 1672; baseline -0.001 -16"><span class='ocrx_word' id='word_1_90' title='bbox 259 1610 417 1672; x_wconf 77' lang='lat' dir='ltr'><strong>possit.</strong></span> <span class='ocrx_word' id='word_1_91' title='bbox 440 1607 590 1656; x_wconf 91' lang='lat' dir='ltr'><strong>Deleti</strong></span> <span class='ocrx_word' id='word_1_92' title='bbox 613 1608 798 1656; x_wconf 90' lang='lat' dir='ltr'><strong>ordines</strong></span> <span class='ocrx_word' id='word_1_93' title='bbox 815 1609 1054 1656; x_wconf 81' lang='lat' dir='ltr'><strong>monastici</strong></span> <span class='ocrx_word' id='word_1_94' title='bbox 1073 1623 1087 1667; x_wconf 92' lang='lat'>;</span> <span class='ocrx_word' id='word_1_95' title='bbox 1120 1608 1290 1672; x_wconf 89' lang='lat' dir='ltr'><strong>templa</strong></span> 
     </span>
     <span class='ocr_line' id='line_1_19' title="bbox 262 1687 1289 1754; baseline 0 -17"><span class='ocrx_word' id='word_1_96' title='bbox 262 1687 517 1737; x_wconf 88' lang='lat' dir='ltr'><strong>Catholicis</strong></span> <span class='ocrx_word' id='word_1_97' title='bbox 553 1707 636 1754; x_wconf 90' lang='lat' dir='ltr'><strong>per</strong></span> <span class='ocrx_word' id='word_1_98' title='bbox 651 1691 746 1736; x_wconf 87' lang='lat' dir='ltr'><strong>vim</strong></span> <span class='ocrx_word' id='word_1_99' title='bbox 761 1688 912 1737; x_wconf 87' lang='lat' dir='ltr'><strong>ablata</strong></span> <span class='ocrx_word' id='word_1_100' title='bbox 941 1698 1083 1754; x_wconf 89' lang='lat' dir='ltr'><strong>atque</strong></span> <span class='ocrx_word' id='word_1_101' title='bbox 1106 1689 1289 1738; x_wconf 90' lang='lat' dir='ltr'><strong>hetero-</strong></span> 
     </span>
     <span class='ocr_line' id='line_1_20' title="bbox 264 1769 1291 1827; baseline 0 -9"><span class='ocrx_word' id='word_1_102' title='bbox 264 1769 397 1818; x_wconf 80' lang='lat' dir='ltr'><strong>doxis</strong></span> <span class='ocrx_word' id='word_1_103' title='bbox 411 1786 644 1827; x_wconf 86' lang='lat' dir='ltr'><strong>concessa;</strong></span> <span class='ocrx_word' id='word_1_104' title='bbox 659 1787 789 1817; x_wconf 68' lang='lat' dir='ltr'><strong>novae</strong></span> <span class='ocrx_word' id='word_1_105' title='bbox 805 1770 1052 1818; x_wconf 79' lang='lat' dir='ltr'><strong>academias</strong></span> <span class='ocrx_word' id='word_1_106' title='bbox 1069 1773 1291 1818; x_wconf 68' lang='lat' dir='ltr'><strong>institutas</strong></span> 
     </span>
     <span class='ocr_line' id='line_1_21' title="bbox 264 1850 1286 1917; baseline 0 -17"><span class='ocrx_word' id='word_1_107' title='bbox 264 1861 310 1900; x_wconf 87' lang='lat' dir='ltr'><strong>et</strong></span> <span class='ocrx_word' id='word_1_108' title='bbox 324 1854 571 1900; x_wconf 86' lang='lat' dir='ltr'><strong>seminaria</strong></span> <span class='ocrx_word' id='word_1_109' title='bbox 600 1862 802 1900; x_wconf 85' lang='lat' dir='ltr'><strong>extructa</strong></span> <span class='ocrx_word' id='word_1_110' title='bbox 826 1887 842 1915; x_wconf 86' lang='lat'><strong>,</strong></span> <span class='ocrx_word' id='word_1_111' title='bbox 861 1854 909 1898; x_wconf 89' lang='lat' dir='ltr'><strong>in</strong></span> <span class='ocrx_word' id='word_1_112' title='bbox 926 1850 1100 1917; x_wconf 86' lang='lat' dir='ltr'><strong>quibus</strong></span> <span class='ocrx_word' id='word_1_113' title='bbox 1129 1851 1286 1901; x_wconf 81' lang='lat' dir='ltr'><strong>clerici</strong></span> 
     </span>
     <span class='ocr_line' id='line_1_22' title="bbox 261 1934 1294 1983; baseline 0 0"><span class='ocrx_word' id='word_1_114' title='bbox 261 1934 476 1983; x_wconf 86' lang='lat' dir='ltr'><strong>catholici</strong></span> <span class='ocrx_word' id='word_1_115' title='bbox 517 1934 738 1982; x_wconf 84' lang='lat' dir='ltr'><strong>doctrinis</strong></span> <span class='ocrx_word' id='word_1_116' title='bbox 774 1934 1039 1983; x_wconf 86' lang='lat' dir='ltr'><strong>acatholicis</strong></span> <span class='ocrx_word' id='word_1_117' title='bbox 1074 1934 1294 1983; x_wconf 85' lang='lat' dir='ltr'><strong>erudian-</strong></span> 
     </span>
     <span class='ocr_line' id='line_1_23' title="bbox 264 2016 1295 2082; baseline 0.001 -18"><span class='ocrx_word' id='word_1_118' title='bbox 264 2026 341 2064; x_wconf 88' lang='lat' dir='ltr'><strong>tur</strong></span> <span class='ocrx_word' id='word_1_119' title='bbox 359 2032 373 2079; x_wconf 70' lang='grc' dir='ltr'><strong>ς</strong></span> <span class='ocrx_word' id='word_1_120' title='bbox 391 2027 599 2077; x_wconf 89' lang='lat' dir='ltr'><strong>cautum,</strong></span> <span class='ocrx_word' id='word_1_121' title='bbox 623 2026 675 2064; x_wconf 90' lang='lat' dir='ltr'><strong>ut</strong></span> <span class='ocrx_word' id='word_1_122' title='bbox 694 2016 822 2073; x_wconf 88' lang='lat' dir='ltr'><strong>sedes</strong></span> <span class='ocrx_word' id='word_1_123' title='bbox 837 2017 1117 2082; x_wconf 87' lang='lat' dir='ltr'><strong>episcopales</strong></span> <span class='ocrx_word' id='word_1_124' title='bbox 1137 2033 1295 2065; x_wconf 85' lang='lat' dir='ltr'><strong>vacuae</strong></span> 
     </span>
     <span class='ocr_line' id='line_1_24' title="bbox 266 2098 1295 2163; baseline 0.001 -17"><span class='ocrx_word' id='word_1_125' title='bbox 266 2098 538 2147; x_wconf 86' lang='lat' dir='ltr'><strong>diuturnam</strong></span> <span class='ocrx_word' id='word_1_126' title='bbox 582 2108 818 2163; x_wconf 86' lang='lat' dir='ltr'><strong>pastorum</strong></span> <span class='ocrx_word' id='word_1_127' title='bbox 866 2099 1119 2147; x_wconf 82' lang='lat' dir='ltr'><strong>orbitatem</strong></span> <span class='ocrx_word' id='word_1_128' title='bbox 1157 2102 1295 2147; x_wconf 89' lang='lat' dir='ltr'><strong>susti-</strong></span> 
     </span>
     <span class='ocr_line' id='line_1_25' title="bbox 266 2181 1293 2246; baseline 0 -19"><span class='ocrx_word' id='word_1_129' title='bbox 266 2192 440 2244; x_wconf 82' lang='lat' dir='ltr'><strong>neant3</strong></span> <span class='ocrx_word' id='word_1_130' title='bbox 472 2184 583 2229; x_wconf 88' lang='lat' dir='ltr'><strong>novi</strong></span> <span class='ocrx_word' id='word_1_131' title='bbox 603 2184 654 2228; x_wconf 90' lang='lat' dir='ltr'><strong>in</strong></span> <span class='ocrx_word' id='word_1_132' title='bbox 674 2181 837 2228; x_wconf 91' lang='lat' dir='ltr'><strong>iisdem</strong></span> <span class='ocrx_word' id='word_1_133' title='bbox 867 2181 1132 2246; x_wconf 84' lang='lat' dir='ltr'><strong>regionibus</strong></span> <span class='ocrx_word' id='word_1_134' title='bbox 1152 2184 1293 2230; x_wconf 87' lang='lat' dir='ltr'><strong>erecti</strong></span> 
     </span>
     <span class='ocr_line' id='line_1_26' title="bbox 267 2262 1294 2328; baseline 0 -18"><span class='ocrx_word' id='word_1_135' title='bbox 267 2264 559 2328; x_wconf 88' lang='lat' dir='ltr'><strong>episcopatus</strong></span> <span class='ocrx_word' id='word_1_136' title='bbox 590 2262 905 2320; x_wconf 80' lang='lat' dir='ltr'><strong>schismatici,</strong></span> <span class='ocrx_word' id='word_1_137' title='bbox 939 2265 1020 2328; x_wconf 91' lang='lat' dir='ltr'><strong>qui</strong></span> <span class='ocrx_word' id='word_1_138' title='bbox 1049 2280 1294 2328; x_wconf 87' lang='lat' dir='ltr'><strong>nunquam</strong></span> 
     </span>
     <span class='ocr_line' id='line_1_27' title="bbox 267 2343 1295 2412; baseline 0.002 -21"><span class='ocrx_word' id='word_1_139' title='bbox 267 2349 403 2394; x_wconf 85' lang='lat' dir='ltr'><strong>vacui</strong></span> <span class='ocrx_word' id='word_1_140' title='bbox 442 2347 806 2412; x_wconf 82' lang='lat' dir='ltr'><strong>relinquuntur3</strong></span> <span class='ocrx_word' id='word_1_141' title='bbox 834 2346 1045 2410; x_wconf 88' lang='lat' dir='ltr'><strong>Episcopi</strong></span> <span class='ocrx_word' id='word_1_142' title='bbox 1082 2343 1295 2393; x_wconf 87' lang='lat' dir='ltr'><strong>catholici</strong></span> 
     </span>
     <span class='ocr_line' id='line_1_28' title="bbox 267 2427 1297 2497; baseline -0.006 -15"><span class='ocrx_word' id='word_1_143' title='bbox 267 2450 321 2482; x_wconf 91' lang='lat' dir='ltr'><strong>ac</strong></span> <span class='ocrx_word' id='word_1_144' title='bbox 350 2430 519 2497; x_wconf 89' lang='lat' dir='ltr'><strong>reliqui</strong></span> <span class='ocrx_word' id='word_1_145' title='bbox 553 2429 767 2477; x_wconf 90' lang='lat' dir='ltr'><strong>homines</strong></span> <span class='ocrx_word' id='word_1_146' title='bbox 805 2446 831 2476; x_wconf 89' lang='lat' dir='ltr'><strong>e</strong></span> <span class='ocrx_word' id='word_1_147' title='bbox 866 2428 988 2476; x_wconf 88' lang='lat' dir='ltr'><strong>clero</strong></span> <span class='ocrx_word' id='word_1_148' title='bbox 1016 2446 1096 2493; x_wconf 88' lang='lat' dir='ltr'><strong>spe</strong></span> <span class='ocrx_word' id='word_1_149' title='bbox 1126 2438 1170 2476; x_wconf 88' lang='lat' dir='ltr'><strong>et</strong></span> <span class='ocrx_word' id='word_1_150' title='bbox 1197 2427 1297 2476; x_wconf 88' lang='lat' dir='ltr'><strong>ille-</strong></span> 
     </span>
     <span class='ocr_line' id='line_1_29' title="bbox 268 2510 1293 2564; baseline -0.006 0"><span class='ocrx_word' id='word_1_151' title='bbox 268 2513 419 2564; x_wconf 86' lang='lat' dir='ltr'><strong>cebris</strong></span> <span class='ocrx_word' id='word_1_152' title='bbox 457 2513 646 2561; x_wconf 90' lang='lat' dir='ltr'><strong>adducti</strong></span> <span class='ocrx_word' id='word_1_153' title='bbox 680 2511 739 2560; x_wconf 89' lang='lat' dir='ltr'><strong>ad</strong></span> <span class='ocrx_word' id='word_1_154' title='bbox 769 2529 925 2559; x_wconf 87' lang='lat' dir='ltr'><strong>veram</strong></span> <span class='ocrx_word' id='word_1_155' title='bbox 957 2510 1125 2559; x_wconf 88' lang='lat' dir='ltr'><strong>Christi</strong></span> <span class='ocrx_word' id='word_1_156' title='bbox 1152 2510 1293 2559; x_wconf 88' lang='lat' dir='ltr'><strong>fidem</strong></span> 
     </span>
     <span class='ocr_line' id='line_1_30' title="bbox 269 2586 1295 2660; baseline -0.005 -14"><span class='ocrx_word' id='word_1_157' title='bbox 269 2595 571 2646; x_wconf 86' lang='lat' dir='ltr'><strong>deserendam</strong></span> <span class='ocrx_word' id='word_1_158' title='bbox 586 2615 598 2653; x_wconf 81' lang='lat'>3</span> <span class='ocrx_word' id='word_1_159' title='bbox 616 2593 960 2650; x_wconf 87' lang='lat' dir='ltr'><strong>Sacerdotibus,</strong></span> <span class='ocrx_word' id='word_1_160' title='bbox 979 2596 1060 2660; x_wconf 90' lang='lat' dir='ltr'><strong>qui</strong></span> <span class='ocrx_word' id='word_1_161' title='bbox 1078 2595 1134 2642; x_wconf 88' lang='lat' dir='ltr'><strong>ad</strong></span> <span class='ocrx_word' id='word_1_162' title='bbox 1150 2586 1295 2642; x_wconf 85' lang='lat' dir='ltr'><strong>schis-</strong></span> 
     </span>
     <span class='ocr_line' id='line_1_31' title="bbox 272 2676 1298 2741; baseline -0.003 -15"><span class='ocrx_word' id='word_1_163' title='bbox 272 2680 462 2726; x_wconf 88' lang='lat' dir='ltr'><strong>maticos</strong></span> <span class='ocrx_word' id='word_1_164' title='bbox 489 2677 739 2736; x_wconf 88' lang='lat' dir='ltr'><strong>deficiant,</strong></span> <span class='ocrx_word' id='word_1_165' title='bbox 779 2676 1000 2724; x_wconf 82' lang='lat' dir='ltr'><strong>ducendae</strong></span> <span class='ocrx_word' id='word_1_166' title='bbox 1038 2678 1189 2724; x_wconf 83' lang='lat' dir='ltr'><strong>uxoris</strong></span> <span class='ocrx_word' id='word_1_167' title='bbox 1215 2693 1298 2741; x_wconf 90' lang='lat' dir='ltr'><strong>per</strong></span> 
     </span>
     <span class='ocr_line' id='line_1_32' title="bbox 273 2758 1297 2824; baseline -0.003 -15"><span class='ocrx_word' id='word_1_168' title='bbox 273 2759 545 2824; x_wconf 85' lang='lat' dir='ltr'><strong>sacrilegum</strong></span> <span class='ocrx_word' id='word_1_169' title='bbox 563 2760 932 2816; x_wconf 81' lang='lat' dir='ltr'><strong>matrimonium,</strong></span> <span class='ocrx_word' id='word_1_170' title='bbox 955 2758 1003 2806; x_wconf 89' lang='lat' dir='ltr'><strong>id</strong></span> <span class='ocrx_word' id='word_1_171' title='bbox 1019 2758 1144 2824; x_wconf 92' lang='lat' dir='ltr'><strong>quod</strong></span> <span class='ocrx_word' id='word_1_172' title='bbox 1161 2767 1297 2806; x_wconf 86' lang='lat' dir='ltr'><strong>antea</strong></span> 
     </span>
     <span class='ocr_line' id='line_1_33' title="bbox 273 2831 1295 2906; baseline -0.002 -16"><span class='ocrx_word' id='word_1_173' title='bbox 273 2845 466 2892; x_wconf 80' lang='lat' dir='ltr'><strong>vetitum</strong></span> <span class='ocrx_word' id='word_1_174' title='bbox 509 2841 694 2903; x_wconf 83' lang='lat' dir='ltr'><strong>fuerat,</strong></span> <span class='ocrx_word' id='word_1_175' title='bbox 727 2851 928 2906; x_wconf 82' lang='lat' dir='ltr'><strong>potestas</strong></span> <span class='ocrx_word' id='word_1_176' title='bbox 961 2831 1112 2899; x_wconf 56' lang='lat' dir='ltr'><strong>facta,</strong></span> <span class='ocrx_word' id='word_1_177' title='bbox 1159 2841 1295 2889; x_wconf 83' lang='lat' dir='ltr'><strong>exilio</strong></span> 
     </span>
     <span class='ocr_line' id='line_1_34' title="bbox 273 2923 1293 2989; baseline 0 -17"><span class='ocrx_word' id='word_1_178' title='bbox 273 2925 512 2983; x_wconf 88' lang='lat' dir='ltr'><strong>mulctati,</strong></span> <span class='ocrx_word' id='word_1_179' title='bbox 532 2925 683 2989; x_wconf 88' lang='lat' dir='ltr'><strong>quiin</strong></span> <span class='ocrx_word' id='word_1_180' title='bbox 698 2926 817 2972; x_wconf 88' lang='lat' dir='ltr'><strong>avita</strong></span> <span class='ocrx_word' id='word_1_181' title='bbox 835 2923 1058 2989; x_wconf 82' lang='lat' dir='ltr'><strong>religione</strong></span> <span class='ocrx_word' id='word_1_182' title='bbox 1074 2934 1293 2972; x_wconf 89' lang='lat' dir='ltr'><strong>constan·-</strong></span> 
     </span>
     <span class='ocr_line' id='line_1_35' title="bbox 273 3008 1293 3072; baseline 0 -17"><span class='ocrx_word' id='word_1_183' title='bbox 273 3016 339 3055; x_wconf 87' lang='lat' dir='ltr'><strong>tes</strong></span> <span class='ocrx_word' id='word_1_184' title='bbox 370 3008 538 3072; x_wconf 87' lang='lat' dir='ltr'><strong>reperti</strong></span> <span class='ocrx_word' id='word_1_185' title='bbox 582 3016 720 3065; x_wconf 86' lang='lat' dir='ltr'><strong>sunt;</strong></span> <span class='ocrx_word' id='word_1_186' title='bbox 764 3008 1043 3071; x_wconf 74' lang='lat' dir='ltr'><strong>gravissimae</strong></span> <span class='ocrx_word' id='word_1_187' title='bbox 1089 3008 1293 3071; x_wconf 84' lang='lat' dir='ltr'><strong>irrogatae</strong></span> 
     </span>
     <span class='ocr_line' id='line_1_36' title="bbox 275 3089 1293 3157; baseline 0.002 -20"><span class='ocrx_word' id='word_1_188' title='bbox 275 3106 419 3155; x_wconf 85' lang='lat' dir='ltr'><strong>poenae</strong></span> <span class='ocrx_word' id='word_1_189' title='bbox 444 3089 736 3155; x_wconf 82' lang='lat' dir='ltr'><strong>scriptoribus</strong></span> <span class='ocrx_word' id='word_1_190' title='bbox 752 3089 989 3138; x_wconf 84' lang='lat' dir='ltr'><strong>catholicis</strong></span> <span class='ocrx_word' id='word_1_191' title='bbox 1008 3126 1021 3149; x_wconf 92' lang='lat'><strong>,</strong></span> <span class='ocrx_word' id='word_1_192' title='bbox 1038 3092 1119 3156; x_wconf 92' lang='lat' dir='ltr'><strong>qui</strong></span> <span class='ocrx_word' id='word_1_193' title='bbox 1142 3108 1189 3139; x_wconf 89' lang='lat' dir='ltr'><strong>se</strong></span> <span class='ocrx_word' id='word_1_194' title='bbox 1209 3109 1293 3157; x_wconf 91' lang='lat' dir='ltr'><strong>op·</strong></span> 
     </span>
     <span class='ocr_line' id='line_1_37' title="bbox 274 3171 1289 3237; baseline 0.001 -17"><span class='ocrx_word' id='word_1_195' title='bbox 274 3189 444 3235; x_wconf 89' lang='lat' dir='ltr'><strong>ponere</strong></span> <span class='ocrx_word' id='word_1_196' title='bbox 488 3171 912 3221; x_wconf 82' lang='lat' dir='ltr'><strong>machinationibus</strong></span> <span class='ocrx_word' id='word_1_197' title='bbox 958 3173 1240 3221; x_wconf 83' lang='lat' dir='ltr'><strong>studuerunt</strong></span> <span class='ocrx_word' id='word_1_198' title='bbox 1274 3189 1289 3237; x_wconf 83' lang='lat'>3</span> 
     </span>
     <span class='ocr_line' id='line_1_38' title="bbox 274 3254 1295 3320; baseline 0.004 -20"><span class='ocrx_word' id='word_1_199' title='bbox 274 3257 459 3318; x_wconf 67' lang='lat' dir='ltr'><strong>praemia</strong></span> <span class='ocrx_word' id='word_1_200' title='bbox 489 3270 515 3302; x_wconf 86' lang='lat' dir='ltr'><strong>e</strong></span> <span class='ocrx_word' id='word_1_201' title='bbox 544 3257 772 3304; x_wconf 89' lang='lat' dir='ltr'><strong>contrario</strong></span> <span class='ocrx_word' id='word_1_202' title='bbox 801 3254 966 3303; x_wconf 89' lang='lat' dir='ltr'><strong>collata</strong></span> <span class='ocrx_word' id='word_1_203' title='bbox 994 3256 1049 3302; x_wconf 89' lang='lat' dir='ltr'><strong>iis</strong></span> <span class='ocrx_word' id='word_1_204' title='bbox 1069 3292 1082 3315; x_wconf 81' lang='lat'>‚</span> <span class='ocrx_word' id='word_1_205' title='bbox 1109 3257 1189 3320; x_wconf 92' lang='lat' dir='ltr'><strong>qui</strong></span> <span class='ocrx_word' id='word_1_206' title='bbox 1211 3256 1295 3304; x_wconf 90' lang='lat' dir='ltr'><strong>ad-</strong></span> 
     </span>
     <span class='ocr_line' id='line_1_39' title="bbox 273 3335 1291 3403; baseline 0.003 -21"><span class='ocrx_word' id='word_1_207' title='bbox 273 3353 429 3384; x_wconf 82' lang='lat' dir='ltr'><strong>versus</strong></span> <span class='ocrx_word' id='word_1_208' title='bbox 464 3337 735 3403; x_wconf 82' lang='lat' dir='ltr'><strong>religionem</strong></span> <span class='ocrx_word' id='word_1_209' title='bbox 766 3335 1038 3385; x_wconf 87' lang='lat' dir='ltr'><strong>catholicam</strong></span> <span class='ocrx_word' id='word_1_210' title='bbox 1079 3347 1250 3402; x_wconf 83' lang='lat' dir='ltr'><strong>satyras</strong></span> <span class='ocrx_word' id='word_1_211' title='bbox 1278 3375 1291 3399; x_wconf 87' lang='lat'>‚</span> 
     </span>
     <span class='ocr_line' id='line_1_40' title="bbox 276 3417 1294 3479; baseline 0.001 -12"><span class='ocrx_word' id='word_1_212' title='bbox 276 3418 515 3467; x_wconf 88' lang='lat' dir='ltr'><strong>mendacia</strong></span> <span class='ocrx_word' id='word_1_213' title='bbox 534 3457 547 3479; x_wconf 87' lang='lat'><strong>‚</strong></span> <span class='ocrx_word' id='word_1_214' title='bbox 581 3421 836 3469; x_wconf 85' lang='lat' dir='ltr'><strong>calumnias</strong></span> <span class='ocrx_word' id='word_1_215' title='bbox 864 3421 915 3468; x_wconf 90' lang='lat' dir='ltr'><strong>in</strong></span> <span class='ocrx_word' id='word_1_216' title='bbox 941 3417 1084 3467; x_wconf 83' lang='lat' dir='ltr'><strong>libros</strong></span> <span class='ocrx_word' id='word_1_217' title='bbox 1112 3421 1294 3469; x_wconf 86' lang='lat' dir='ltr'><strong>invere-</strong></span> 
     </span>
     <span class='ocr_line' id='line_1_41' title="bbox 273 3502 1291 3570; baseline 0.001 -20"><span class='ocrx_word' id='word_1_218' title='bbox 273 3502 450 3551; x_wconf 88' lang='lat' dir='ltr'><strong>cundos</strong></span> <span class='ocrx_word' id='word_1_219' title='bbox 483 3519 771 3567; x_wconf 82' lang='lat' dir='ltr'><strong>congessere,</strong></span> <span class='ocrx_word' id='word_1_220' title='bbox 806 3513 946 3570; x_wconf 89' lang='lat' dir='ltr'><strong>atque</strong></span> <span class='ocrx_word' id='word_1_221' title='bbox 973 3502 1201 3570; x_wconf 88' lang='lat' dir='ltr'><strong>ejusmodi</strong></span> <span class='ocrx_word' id='word_1_222' title='bbox 1231 3503 1291 3551; x_wconf 91' lang='lat' dir='ltr'><strong>li-</strong></span> 
     </span>
     <span class='ocr_line' id='line_1_42' title="bbox 274 3584 1287 3651; baseline 0.002 -20"><span class='ocrx_word' id='word_1_223' title='bbox 274 3585 463 3633; x_wconf 87' lang='lat' dir='ltr'><strong>brorum</strong></span> <span class='ocrx_word' id='word_1_224' title='bbox 482 3587 621 3650; x_wconf 86' lang='lat' dir='ltr'><strong>pestis</strong></span> <span class='ocrx_word' id='word_1_225' title='bbox 635 3587 685 3633; x_wconf 86' lang='lat' dir='ltr'><strong>in</strong></span> <span class='ocrx_word' id='word_1_226' title='bbox 701 3602 889 3634; x_wconf 88' lang='lat' dir='ltr'><strong>omnem</strong></span> <span class='ocrx_word' id='word_1_227' title='bbox 904 3595 1079 3651; x_wconf 86' lang='lat' dir='ltr'><strong>partem</strong></span> <span class='ocrx_word' id='word_1_228' title='bbox 1098 3584 1287 3633; x_wconf 82' lang='lat' dir='ltr'><strong>diffusa.</strong></span> 
     </span>
    </p>
   </div>
   <div class='ocr_carea' id='block_1_8' title="bbox 1371 592 2388 700">
    <p class='ocr_par' dir='ltr' id='par_1_8' title="bbox 1371 592 2388 700">
     <span class='ocr_line' id='line_1_43' title="bbox 1371 592 2388 700; baseline 0.009 -25"><span class='ocrx_word' id='word_1_229' title='bbox 1371 626 1516 694; x_wconf 89' lang='lat' dir='ltr'><strong>Cujus</strong></span> <span class='ocrx_word' id='word_1_230' title='bbox 1533 628 1723 695; x_wconf 91' lang='lat' dir='ltr'><strong>quidem</strong></span> <span class='ocrx_word' id='word_1_231' title='bbox 1734 631 1784 677; x_wconf 92' lang='lat' dir='ltr'><strong>in</strong></span> <span class='ocrx_word' id='word_1_232' title='bbox 1801 592 2005 695; x_wconf 84' lang='lat' dir='ltr'><strong>exempla</strong></span> <span class='ocrx_word' id='word_1_233' title='bbox 2021 629 2220 695; x_wconf 83' lang='lat' dir='ltr'><strong>proferre</strong></span> <span class='ocrx_word' id='word_1_234' title='bbox 2233 632 2388 700; x_wconf 80' lang='lat' dir='ltr'><strong>aliqua</strong></span> 
     </span>
    </p>
   </div>
   <div class='ocr_carea' id='block_1_9' title="bbox 1370 710 2395 844">
    <p class='ocr_par' dir='ltr' id='par_1_9' title="bbox 1370 710 2395 844">
     <span class='ocr_line' id='line_1_44' title="bbox 1376 710 2389 770; baseline 0.005 -11"><span class='ocrx_word' id='word_1_235' title='bbox 1376 710 1512 759; x_wconf 85' lang='lat' dir='ltr'><strong>nobis</strong></span> <span class='ocrx_word' id='word_1_236' title='bbox 1542 711 1761 760; x_wconf 87' lang='lat' dir='ltr'><strong>sufficiat.</strong></span> <span class='ocrx_word' id='word_1_237' title='bbox 1780 711 2003 760; x_wconf 88' lang='lat' dir='ltr'><strong>Stourdza</strong></span> <span class='ocrx_word' id='word_1_238' title='bbox 2026 748 2038 770; x_wconf 92' lang='lat'><strong>,</strong></span> <span class='ocrx_word' id='word_1_239' title='bbox 2066 711 2222 758; x_wconf 87' lang='lat' dir='ltr'><strong>nescio</strong></span> <span class='ocrx_word' id='word_1_240' title='bbox 2250 719 2353 769; x_wconf 57' lang='lat' dir='ltr'><strong>quta</strong></span> <span class='ocrx_word' id='word_1_241' title='bbox 2377 755 2389 764; x_wconf 90' lang='grc'><strong><em>,</em></strong></span> 
     </span>
     <span class='ocr_line' id='line_1_45' title="bbox 1370 784 2395 844; baseline -0.001 -10"><span class='ocrx_word' id='word_1_242' title='bbox 1370 795 1493 844; x_wconf 74' lang='lat' dir='ltr'><strong>turpi</strong></span> <span class='ocrx_word' id='word_1_243' title='bbox 1517 794 1640 833; x_wconf 61' lang='lat' dir='ltr'><strong>adico</strong></span> <span class='ocrx_word' id='word_1_244' title='bbox 1674 795 1916 844; x_wconf 64' lang='lat' dir='ltr'><strong>opusculo.</strong></span> <span class='ocrx_word' id='word_1_245' title='bbox 1945 793 2021 830; x_wconf 85' lang='lat' dir='ltr'><strong>cui</strong></span> <span class='ocrx_word' id='word_1_246' title='bbox 2047 791 2124 832; x_wconf 91' lang='lat' dir='ltr'><strong>tit.</strong></span> <span class='ocrx_word' id='word_1_247' title='bbox 2162 784 2395 833; x_wconf 77' lang='lat' dir='ltr'><strong>Conside-</strong></span> 
     </span>
    </p>
   </div>
   <div class='ocr_carea' id='block_1_10' title="bbox 1369 859 2403 3646">
    <p class='ocr_par' dir='ltr' id='par_1_10' title="bbox 1369 859 2403 3646">
     <span class='ocr_line' id='line_1_46' title="bbox 1369 859 2389 927; baseline 0.006 -18"><span class='ocrx_word' id='word_1_248' title='bbox 1369 865 1498 909; x_wconf 81' lang='lat' dir='ltr'><strong>ratio</strong></span> <span class='ocrx_word' id='word_1_249' title='bbox 1513 878 1659 927; x_wconf 78' lang='lat' dir='ltr'><strong>super</strong></span> <span class='ocrx_word' id='word_1_250' title='bbox 1672 859 1895 911; x_wconf 84' lang='lat' dir='ltr'><strong>Ecclesia</strong></span> <span class='ocrx_word' id='word_1_251' title='bbox 1912 864 2171 913; x_wconf 72' lang='lat' dir='ltr'><strong>orthodoxa</strong></span> <span class='ocrx_word' id='word_1_252' title='bbox 2193 865 2389 915; x_wconf 79' lang='lat' dir='ltr'><strong>Graeco-</strong></span> 
     </span>
     <span class='ocr_line' id='line_1_47' title="bbox 1371 943 2393 1012; baseline 0.006 -20"><span class='ocrx_word' id='word_1_253' title='bbox 1371 943 1530 992; x_wconf 80' lang='lat' dir='ltr'><strong>Russa</strong></span> <span class='ocrx_word' id='word_1_254' title='bbox 1555 982 1567 1004; x_wconf 90' lang='lat'><strong>,</strong></span> <span class='ocrx_word' id='word_1_255' title='bbox 1605 944 1898 994; x_wconf 89' lang='lat' dir='ltr'><strong>nobilitatem</strong></span> <span class='ocrx_word' id='word_1_256' title='bbox 1941 949 2123 1012; x_wconf 85' lang='lat' dir='ltr'><strong>generis</strong></span> <span class='ocrx_word' id='word_1_257' title='bbox 2162 960 2393 999; x_wconf 87' lang='lat' dir='ltr'><strong>assecutus</strong></span> 
     </span>
     <span class='ocr_line' id='line_1_48' title="bbox 1370 1027 2392 1095; baseline 0.005 -20"><span class='ocrx_word' id='word_1_258' title='bbox 1370 1037 1460 1090; x_wconf 81' lang='lat' dir='ltr'><strong>est,</strong></span> <span class='ocrx_word' id='word_1_259' title='bbox 1488 1036 1532 1074; x_wconf 91' lang='lat' dir='ltr'><strong>et</strong></span> <span class='ocrx_word' id='word_1_260' title='bbox 1561 1041 1748 1086; x_wconf 85' lang='lat' dir='ltr'><strong>2o,ooo</strong></span> <span class='ocrx_word' id='word_1_261' title='bbox 1762 1027 2034 1087; x_wconf 79' lang='lat' dir='ltr'><strong>rublorum,</strong></span> <span class='ocrx_word' id='word_1_262' title='bbox 2055 1047 2172 1095; x_wconf 86' lang='lat' dir='ltr'><strong>quos</strong></span> <span class='ocrx_word' id='word_1_263' title='bbox 2187 1027 2356 1080; x_wconf 90' lang='lat' dir='ltr'><strong>dicunt</strong></span> <span class='ocrx_word' id='word_1_264' title='bbox 2377 1069 2392 1094; x_wconf 90' lang='lat'><strong>‚</strong></span> 
     </span>
     <span class='ocr_line' id='line_1_49' title="bbox 1372 1107 2391 1163; baseline 0.006 -7"><span class='ocrx_word' id='word_1_265' title='bbox 1372 1126 1568 1157; x_wconf 88' lang='lat' dir='ltr'><strong>munere</strong></span> <span class='ocrx_word' id='word_1_266' title='bbox 1594 1107 1815 1159; x_wconf 89' lang='lat' dir='ltr'><strong>donatus.</strong></span> <span class='ocrx_word' id='word_1_267' title='bbox 1846 1109 1962 1159; x_wconf 91' lang='lat' dir='ltr'><strong>Item</strong></span> <span class='ocrx_word' id='word_1_268' title='bbox 1989 1110 2242 1160; x_wconf 87' lang='lat' dir='ltr'><strong>Karamsin</strong></span> <span class='ocrx_word' id='word_1_269' title='bbox 2268 1115 2391 1163; x_wconf 88' lang='lat' dir='ltr'><strong>inter</strong></span> 
     </span>
     <span class='ocr_line' id='line_1_50' title="bbox 1372 1194 2393 1262; baseline 0.007 -23"><span class='ocrx_word' id='word_1_270' title='bbox 1372 1194 1614 1257; x_wconf 87' lang='lat' dir='ltr'><strong>optimates</strong></span> <span class='ocrx_word' id='word_1_271' title='bbox 1645 1194 1899 1259; x_wconf 89' lang='lat' dir='ltr'><strong>adscriptus</strong></span> <span class='ocrx_word' id='word_1_272' title='bbox 1938 1205 2035 1255; x_wconf 89' lang='lat' dir='ltr'><strong>est,</strong></span> <span class='ocrx_word' id='word_1_273' title='bbox 2075 1198 2237 1262; x_wconf 84' lang='lat' dir='ltr'><strong>viginti</strong></span> <span class='ocrx_word' id='word_1_274' title='bbox 2284 1214 2393 1262; x_wconf 89' lang='lat' dir='ltr'><strong>pos-</strong></span> 
     </span>
     <span class='ocr_line' id='line_1_51' title="bbox 1372 1275 2390 1345; baseline 0.007 -23"><span class='ocrx_word' id='word_1_275' title='bbox 1372 1275 1654 1324; x_wconf 86' lang='lat' dir='ltr'><strong>sessionibus</strong></span> <span class='ocrx_word' id='word_1_276' title='bbox 1685 1287 1849 1325; x_wconf 84' lang='lat' dir='ltr'><strong>auctus</strong></span> <span class='ocrx_word' id='word_1_277' title='bbox 1882 1313 1897 1340; x_wconf 90' lang='lat'><strong>,</strong></span> <span class='ocrx_word' id='word_1_278' title='bbox 1922 1277 2190 1345; x_wconf 85' lang='lat' dir='ltr'><strong>ditatusque</strong></span> <span class='ocrx_word' id='word_1_279' title='bbox 2212 1280 2390 1345; x_wconf 87' lang='lat' dir='ltr'><strong>ingenti</strong></span> 
     </span>
     <span class='ocr_line' id='line_1_52' title="bbox 1371 1354 2392 1427; baseline 0.005 -21"><span class='ocrx_word' id='word_1_280' title='bbox 1371 1374 1554 1406; x_wconf 90' lang='lat' dir='ltr'><strong>summa</strong></span> <span class='ocrx_word' id='word_1_281' title='bbox 1590 1354 1810 1420; x_wconf 87' lang='lat' dir='ltr'><strong>5oo‚ooo</strong></span> <span class='ocrx_word' id='word_1_282' title='bbox 1843 1358 2119 1421; x_wconf 74' lang='lat' dir='ltr'><strong>rublorum,</strong></span> <span class='ocrx_word' id='word_1_283' title='bbox 2170 1361 2231 1409; x_wconf 92' lang='lat' dir='ltr'><strong>ob</strong></span> <span class='ocrx_word' id='word_1_284' title='bbox 2274 1379 2392 1427; x_wconf 89' lang='lat' dir='ltr'><strong>opus</strong></span> 
     </span>
     <span class='ocr_line' id='line_1_53' title="bbox 1372 1440 2388 1508; baseline 0.005 -21"><span class='ocrx_word' id='word_1_285' title='bbox 1372 1443 1647 1505; x_wconf 89' lang='lat' dir='ltr'><strong>inscriptum</strong></span> <span class='ocrx_word' id='word_1_286' title='bbox 1676 1459 1689 1490; x_wconf 92' lang='lat'><strong>:</strong></span> <span class='ocrx_word' id='word_1_287' title='bbox 1710 1440 1933 1491; x_wconf 81' lang='lat' dir='ltr'><strong>Historia</strong></span> <span class='ocrx_word' id='word_1_288' title='bbox 1947 1443 2154 1508; x_wconf 79' lang='lat' dir='ltr'><strong>Imperii</strong></span> <span class='ocrx_word' id='word_1_289' title='bbox 2170 1442 2388 1493; x_wconf 78' lang='lat' dir='ltr'><strong>Russ&#39;z‘ci.</strong></span> 
     </span>
     <span class='ocr_line' id='line_1_54' title="bbox 1373 1511 2388 1590; baseline 0.005 -20"><span class='ocrx_word' id='word_1_290' title='bbox 1373 1523 1604 1572; x_wconf 86' lang='lat' dir='ltr'><strong>Posterius</strong></span> <span class='ocrx_word' id='word_1_291' title='bbox 1617 1525 1708 1573; x_wconf 92' lang='lat' dir='ltr'><strong>hoc</strong></span> <span class='ocrx_word' id='word_1_292' title='bbox 1730 1543 1844 1590; x_wconf 91' lang='lat' dir='ltr'><strong>opus</strong></span> <span class='ocrx_word' id='word_1_293' title='bbox 1861 1562 1877 1588; x_wconf 93' lang='lat'><strong>,</strong></span> <span class='ocrx_word' id='word_1_294' title='bbox 1897 1511 2029 1590; x_wconf 83' lang='lat' dir='ltr'><strong>cujus</strong></span> <span class='ocrx_word' id='word_1_295' title='bbox 2056 1536 2217 1575; x_wconf 89' lang='lat' dir='ltr'><strong>auctor</strong></span> <span class='ocrx_word' id='word_1_296' title='bbox 2236 1528 2388 1576; x_wconf 90' lang='lat' dir='ltr'><strong>furore</strong></span> 
     </span>
     <span class='ocr_line' id='line_1_55' title="bbox 1372 1606 2391 1671; baseline 0.006 -19"><span class='ocrx_word' id='word_1_297' title='bbox 1372 1607 1603 1671; x_wconf 88' lang='lat' dir='ltr'><strong>impotens</strong></span> <span class='ocrx_word' id='word_1_298' title='bbox 1618 1608 1668 1655; x_wconf 91' lang='lat' dir='ltr'><strong>in</strong></span> <span class='ocrx_word' id='word_1_299' title='bbox 1684 1607 1938 1656; x_wconf 84' lang='lat' dir='ltr'><strong>Ecclesiam</strong></span> <span class='ocrx_word' id='word_1_300' title='bbox 1950 1608 2210 1656; x_wconf 87' lang='lat' dir='ltr'><strong>Romanam</strong></span> <span class='ocrx_word' id='word_1_301' title='bbox 2225 1606 2391 1658; x_wconf 88' lang='lat' dir='ltr'><strong>debac-</strong></span> 
     </span>
     <span class='ocr_line' id='line_1_56' title="bbox 1373 1687 2403 1755; baseline 0.006 -21"><span class='ocrx_word' id='word_1_302' title='bbox 1373 1687 1570 1750; x_wconf 89' lang='lat' dir='ltr'><strong>chatur,</strong></span> <span class='ocrx_word' id='word_1_303' title='bbox 1602 1706 1699 1736; x_wconf 93' lang='lat' dir='ltr'><strong>non</strong></span> <span class='ocrx_word' id='word_1_304' title='bbox 1731 1690 1871 1738; x_wconf 89' lang='lat' dir='ltr'><strong>modo</strong></span> <span class='ocrx_word' id='word_1_305' title='bbox 1896 1701 2123 1755; x_wconf 88' lang='lat' dir='ltr'><strong>tanquam</strong></span> <span class='ocrx_word' id='word_1_306' title='bbox 2157 1691 2403 1740; x_wconf 87' lang='lat' dir='ltr'><strong>classicum</strong></span> 
     </span>
     <span class='ocr_line' id='line_1_57' title="bbox 1378 1770 2403 1836; baseline 0.006 -20"><span class='ocrx_word' id='word_1_307' title='bbox 1378 1779 1637 1834; x_wconf 82' lang='lat' dir='ltr'><strong>usurpatur</strong></span> <span class='ocrx_word' id='word_1_308' title='bbox 1656 1773 1707 1818; x_wconf 92' lang='lat' dir='ltr'><strong>in</strong></span> <span class='ocrx_word' id='word_1_309' title='bbox 1727 1771 1896 1819; x_wconf 87' lang='lat' dir='ltr'><strong>scholis</strong></span> <span class='ocrx_word' id='word_1_310' title='bbox 1912 1770 2129 1836; x_wconf 80' lang='lat' dir='ltr'><strong>publiciS‚</strong></span> <span class='ocrx_word' id='word_1_311' title='bbox 2156 1773 2235 1821; x_wconf 91' lang='lat' dir='ltr'><strong>sed</strong></span> <span class='ocrx_word' id='word_1_312' title='bbox 2265 1775 2403 1821; x_wconf 87' lang='lat' dir='ltr'><strong>etiam</strong></span> 
     </span>
     <span class='ocr_line' id='line_1_58' title="bbox 1377 1852 2403 1918; baseline 0.005 -20"><span class='ocrx_word' id='word_1_313' title='bbox 1377 1852 1639 1916; x_wconf 89' lang='lat' dir='ltr'><strong>sumptibus</strong></span> <span class='ocrx_word' id='word_1_314' title='bbox 1681 1852 1872 1918; x_wconf 87' lang='lat' dir='ltr'><strong>Imperii</strong></span> <span class='ocrx_word' id='word_1_315' title='bbox 1920 1853 2101 1902; x_wconf 85' lang='lat' dir='ltr'><strong>Russici</strong></span> <span class='ocrx_word' id='word_1_316' title='bbox 2145 1856 2195 1902; x_wconf 89' lang='lat' dir='ltr'><strong>in</strong></span> <span class='ocrx_word' id='word_1_317' title='bbox 2243 1872 2403 1904; x_wconf 89' lang='lat' dir='ltr'><strong>omnes</strong></span> 
     </span>
     <span class='ocr_line' id='line_1_59' title="bbox 1377 1935 2402 2002; baseline 0.005 -21"><span class='ocrx_word' id='word_1_318' title='bbox 1377 1950 1522 1999; x_wconf 86' lang='lat' dir='ltr'><strong>prope</strong></span> <span class='ocrx_word' id='word_1_319' title='bbox 1558 1936 1746 1983; x_wconf 87' lang='lat' dir='ltr'><strong>usitatas</strong></span> <span class='ocrx_word' id='word_1_320' title='bbox 1791 1953 1920 1983; x_wconf 91' lang='lat' dir='ltr'><strong>nunc</strong></span> <span class='ocrx_word' id='word_1_321' title='bbox 1972 1939 2191 2001; x_wconf 88' lang='lat' dir='ltr'><strong>temporis</strong></span> <span class='ocrx_word' id='word_1_322' title='bbox 2221 1935 2402 2002; x_wconf 82' lang='lat' dir='ltr'><strong>linguas</strong></span> 
     </span>
     <span class='ocr_line' id='line_1_60' title="bbox 1378 2017 2401 2070; baseline 0.006 -6"><span class='ocrx_word' id='word_1_323' title='bbox 1378 2032 1653 2066; x_wconf 84' lang='lat' dir='ltr'><strong>conversum</strong></span> <span class='ocrx_word' id='word_1_324' title='bbox 1689 2027 1772 2066; x_wconf 88' lang='lat' dir='ltr'><strong>est.</strong></span> <span class='ocrx_word' id='word_1_325' title='bbox 1824 2017 2159 2067; x_wconf 88' lang='lat' dir='ltr'><strong>Constantinus</strong></span> <span class='ocrx_word' id='word_1_326' title='bbox 2189 2018 2401 2070; x_wconf 88' lang='lat' dir='ltr'><strong>Oecono-</strong></span> 
     </span>
     <span class='ocr_line' id='line_1_61' title="bbox 1379 2098 2402 2166; baseline 0.004 -20"><span class='ocrx_word' id='word_1_327' title='bbox 1379 2116 1519 2159; x_wconf 90' lang='lat' dir='ltr'><strong>mus,</strong></span> <span class='ocrx_word' id='word_1_328' title='bbox 1564 2099 1690 2165; x_wconf 89' lang='lat' dir='ltr'><strong>quod</strong></span> <span class='ocrx_word' id='word_1_329' title='bbox 1733 2118 1857 2148; x_wconf 89' lang='lat' dir='ltr'><strong>anno</strong></span> <span class='ocrx_word' id='word_1_330' title='bbox 1904 2098 2031 2150; x_wconf 85' lang='lat'>1835</span> <span class='ocrx_word' id='word_1_331' title='bbox 2071 2100 2298 2166; x_wconf 83' lang='lat' dir='ltr'><strong>Petropoli</strong></span> <span class='ocrx_word' id='word_1_332' title='bbox 2329 2120 2402 2150; x_wconf 85' lang='lat' dir='ltr'><strong>sa-</strong></span> 
     </span>
     <span class='ocr_line' id='line_1_62' title="bbox 1378 2182 2400 2245; baseline 0.004 -19"><span class='ocrx_word' id='word_1_333' title='bbox 1378 2189 1502 2243; x_wconf 81' lang='lat' dir='ltr'><strong>tyras</strong></span> <span class='ocrx_word' id='word_1_334' title='bbox 1533 2183 1858 2245; x_wconf 88' lang='lat' dir='ltr'><strong>conscripserit</strong></span> <span class='ocrx_word' id='word_1_335' title='bbox 1880 2184 1930 2229; x_wconf 90' lang='lat' dir='ltr'><strong>in</strong></span> <span class='ocrx_word' id='word_1_336' title='bbox 1958 2182 2226 2245; x_wconf 83' lang='lat' dir='ltr'><strong>religionem</strong></span> <span class='ocrx_word' id='word_1_337' title='bbox 2248 2182 2400 2230; x_wconf 90' lang='lat' dir='ltr'><strong>catho-</strong></span> 
     </span>
     <span class='ocr_line' id='line_1_63' title="bbox 1378 2261 2401 2329; baseline 0.004 -20"><span class='ocrx_word' id='word_1_338' title='bbox 1378 2261 1546 2322; x_wconf 84' lang='lat' dir='ltr'><strong>licam,</strong></span> <span class='ocrx_word' id='word_1_339' title='bbox 1584 2279 1680 2310; x_wconf 90' lang='lat' dir='ltr'><strong>non</strong></span> <span class='ocrx_word' id='word_1_340' title='bbox 1715 2265 1774 2311; x_wconf 84' lang='lat' dir='ltr'><strong>ita</strong></span> <span class='ocrx_word' id='word_1_341' title='bbox 1816 2264 1994 2328; x_wconf 88' lang='lat' dir='ltr'><strong>pridem</strong></span> <span class='ocrx_word' id='word_1_342' title='bbox 2037 2266 2294 2329; x_wconf 75' lang='lat' dir='ltr'><strong>propositus</strong></span> <span class='ocrx_word' id='word_1_343' title='bbox 2334 2275 2401 2314; x_wconf 87' lang='lat' dir='ltr'><strong>est</strong></span> 
     </span>
     <span class='ocr_line' id='line_1_64' title="bbox 1379 2343 2395 2411; baseline 0.005 -20"><span class='ocrx_word' id='word_1_344' title='bbox 1379 2343 1433 2391; x_wconf 89' lang='lat' dir='ltr'><strong>ad</strong></span> <span class='ocrx_word' id='word_1_345' title='bbox 1461 2348 1779 2409; x_wconf 88' lang='lat' dir='ltr'><strong>episcopatum</strong></span> <span class='ocrx_word' id='word_1_346' title='bbox 1810 2348 1860 2393; x_wconf 90' lang='lat' dir='ltr'><strong>in</strong></span> <span class='ocrx_word' id='word_1_347' title='bbox 1883 2363 2003 2394; x_wconf 86' lang='lat' dir='ltr'><strong>novo</strong></span> <span class='ocrx_word' id='word_1_348' title='bbox 2021 2344 2203 2395; x_wconf 85' lang='lat' dir='ltr'><strong>Graeciae</strong></span> <span class='ocrx_word' id='word_1_349' title='bbox 2235 2363 2395 2411; x_wconf 88' lang='lat' dir='ltr'><strong>regno,</strong></span> 
     </span>
     <span class='ocr_line' id='line_1_65' title="bbox 1379 2425 2400 2494; baseline 0.004 -21"><span class='ocrx_word' id='word_1_350' title='bbox 1379 2428 1461 2491; x_wconf 91' lang='lat' dir='ltr'><strong>qui</strong></span> <span class='ocrx_word' id='word_1_351' title='bbox 1517 2437 1676 2474; x_wconf 89' lang='lat' dir='ltr'><strong>tamen</strong></span> <span class='ocrx_word' id='word_1_352' title='bbox 1719 2426 1780 2474; x_wconf 93' lang='lat' dir='ltr'><strong>ob</strong></span> <span class='ocrx_word' id='word_1_353' title='bbox 1840 2425 2088 2476; x_wconf 86' lang='lat' dir='ltr'><strong>effrontem</strong></span> <span class='ocrx_word' id='word_1_354' title='bbox 2151 2429 2400 2494; x_wconf 89' lang='lat' dir='ltr'><strong>impuden-</strong></span> 
     </span>
     <span class='ocr_line' id='line_1_66' title="bbox 1379 2508 2400 2574; baseline 0.004 -18"><span class='ocrx_word' id='word_1_355' title='bbox 1379 2510 1487 2556; x_wconf 89' lang='lat' dir='ltr'><strong>tiam</strong></span> <span class='ocrx_word' id='word_1_356' title='bbox 1518 2518 1562 2557; x_wconf 90' lang='lat' dir='ltr'><strong>et</strong></span> <span class='ocrx_word' id='word_1_357' title='bbox 1589 2509 1842 2558; x_wconf 79' lang='lat' dir='ltr'><strong>calumnias</strong></span> <span class='ocrx_word' id='word_1_358' title='bbox 1871 2510 1928 2557; x_wconf 90' lang='lat' dir='ltr'><strong>ab</strong></span> <span class='ocrx_word' id='word_1_359' title='bbox 1961 2512 2059 2574; x_wconf 90' lang='lat' dir='ltr'><strong>ipso</strong></span> <span class='ocrx_word' id='word_1_360' title='bbox 2088 2510 2208 2559; x_wconf 86' lang='lat' dir='ltr'><strong>clero</strong></span> <span class='ocrx_word' id='word_1_361' title='bbox 2240 2508 2400 2560; x_wconf 82' lang='lat' dir='ltr'><strong>Graeco</strong></span> 
     </span>
     <span class='ocr_line' id='line_1_67' title="bbox 1389 2593 2400 2660; baseline 0.003 -20"><span class='ocrx_word' id='word_1_362' title='bbox 1389 2593 1624 2658; x_wconf 89' lang='lat' dir='ltr'><strong>repulsam</strong></span> <span class='ocrx_word' id='word_1_363' title='bbox 1644 2595 1867 2642; x_wconf 89' lang='lat' dir='ltr'><strong>sustinere</strong></span> <span class='ocrx_word' id='word_1_364' title='bbox 1900 2593 2077 2642; x_wconf 88' lang='lat' dir='ltr'><strong>debuit.</strong></span> <span class='ocrx_word' id='word_1_365' title='bbox 2097 2593 2132 2641; x_wconf 90' lang='lat' dir='ltr'><strong>F</strong></span> <span class='ocrx_word' id='word_1_366' title='bbox 2134 2593 2260 2643; x_wconf 90' lang='lat' dir='ltr'><strong>ilaret</strong></span> <span class='ocrx_word' id='word_1_367' title='bbox 2287 2612 2400 2660; x_wconf 83' lang='lat' dir='ltr'><strong>prae-</strong></span> 
     </span>
     <span class='ocr_line' id='line_1_68' title="bbox 1379 2675 2397 2741; baseline 0.002 -18"><span class='ocrx_word' id='word_1_368' title='bbox 1379 2693 1482 2723; x_wconf 88' lang='lat' dir='ltr'><strong>sens</strong></span> <span class='ocrx_word' id='word_1_369' title='bbox 1509 2676 1796 2741; x_wconf 86' lang='lat' dir='ltr'><strong>metropolita</strong></span> <span class='ocrx_word' id='word_1_370' title='bbox 1825 2675 2147 2725; x_wconf 87' lang='lat' dir='ltr'><strong>Moscoviensis</strong></span> <span class='ocrx_word' id='word_1_371' title='bbox 2172 2713 2186 2736; x_wconf 89' lang='lat'><em>‚</em></span> <span class='ocrx_word' id='word_1_372' title='bbox 2214 2676 2397 2725; x_wconf 87' lang='lat' dir='ltr'><strong>hortatu</strong></span> 
     </span>
     <span class='ocr_line' id='line_1_69' title="bbox 1380 2758 2398 2824; baseline 0.001 -19"><span class='ocrx_word' id='word_1_373' title='bbox 1380 2759 1620 2824; x_wconf 85' lang='lat' dir='ltr'><strong>regiminis</strong></span> <span class='ocrx_word' id='word_1_374' title='bbox 1653 2758 1831 2806; x_wconf 88' lang='lat' dir='ltr'><strong>Russici</strong></span> <span class='ocrx_word' id='word_1_375' title='bbox 1852 2794 1865 2817; x_wconf 93' lang='lat'><strong>,</strong></span> <span class='ocrx_word' id='word_1_376' title='bbox 1912 2758 2115 2824; x_wconf 83' lang='lat' dir='ltr'><strong>dialogos</strong></span> <span class='ocrx_word' id='word_1_377' title='bbox 2139 2760 2398 2822; x_wconf 87' lang='lat' dir='ltr'><strong>composuit</strong></span> 
     </span>
     <span class='ocr_line' id='line_1_70' title="bbox 1378 2838 2397 2904; baseline 0.002 -17"><span class='ocrx_word' id='word_1_378' title='bbox 1378 2841 1507 2887; x_wconf 76' lang='lat' dir='ltr'><strong>inter</strong></span> <span class='ocrx_word' id='word_1_379' title='bbox 1528 2839 1824 2887; x_wconf 78' lang='lat' dir='ltr'><strong>dubitantem</strong></span> <span class='ocrx_word' id='word_1_380' title='bbox 1854 2849 1897 2887; x_wconf 79' lang='lat' dir='ltr'><strong>et</strong></span> <span class='ocrx_word' id='word_1_381' title='bbox 1916 2856 2203 2904; x_wconf 77' lang='lat' dir='ltr'><strong>persuasum</strong></span> <span class='ocrx_word' id='word_1_382' title='bbox 2235 2838 2293 2887; x_wconf 88' lang='lat' dir='ltr'><strong>de</strong></span> <span class='ocrx_word' id='word_1_383' title='bbox 2321 2857 2397 2889; x_wconf 90' lang='lat' dir='ltr'><strong>or-</strong></span> 
     </span>
     <span class='ocr_line' id='line_1_71' title="bbox 1376 2918 2396 2984; baseline 0.003 -16"><span class='ocrx_word' id='word_1_384' title='bbox 1376 2921 1602 2970; x_wconf 74' lang='lat' dir='ltr'><strong>thodoxia</strong></span> <span class='ocrx_word' id='word_1_385' title='bbox 1650 2918 2053 2969; x_wconf 74' lang='lat' dir='ltr'><strong>Groeco-Russt‘coe</strong></span> <span class='ocrx_word' id='word_1_386' title='bbox 2104 2919 2337 2971; x_wconf 76' lang='lat' dir='ltr'><strong>Ecclesioe</strong></span> <span class='ocrx_word' id='word_1_387' title='bbox 2373 2940 2396 2984; x_wconf 77' lang='lat'><strong>,-</strong></span> 
     </span>
     <span class='ocr_line' id='line_1_72' title="bbox 1376 3003 2396 3069; baseline 0.001 -17"><span class='ocrx_word' id='word_1_388' title='bbox 1376 3006 1426 3052; x_wconf 90' lang='lat' dir='ltr'><strong>in</strong></span> <span class='ocrx_word' id='word_1_389' title='bbox 1455 3004 1526 3051; x_wconf 91' lang='lat' dir='ltr'><strong>his</strong></span> <span class='ocrx_word' id='word_1_390' title='bbox 1558 3003 1679 3050; x_wconf 92' lang='lat' dir='ltr'><strong>nihil</strong></span> <span class='ocrx_word' id='word_1_391' title='bbox 1720 3005 1889 3051; x_wconf 88' lang='lat' dir='ltr'><strong>omittit</strong></span> <span class='ocrx_word' id='word_1_392' title='bbox 1925 3041 1938 3064; x_wconf 88' lang='lat'><strong>,</strong></span> <span class='ocrx_word' id='word_1_393' title='bbox 1993 3004 2119 3069; x_wconf 91' lang='lat' dir='ltr'><strong>quod</strong></span> <span class='ocrx_word' id='word_1_394' title='bbox 2170 3004 2396 3053; x_wconf 86' lang='lat' dir='ltr'><strong>invidiam</strong></span> 
     </span>
     <span class='ocr_line' id='line_1_73' title="bbox 1377 3085 2398 3151; baseline 0.003 -18"><span class='ocrx_word' id='word_1_395' title='bbox 1377 3089 1519 3151; x_wconf 87' lang='lat' dir='ltr'><strong>possit</strong></span> <span class='ocrx_word' id='word_1_396' title='bbox 1558 3088 1608 3133; x_wconf 88' lang='lat' dir='ltr'><strong>in</strong></span> <span class='ocrx_word' id='word_1_397' title='bbox 1650 3085 1902 3134; x_wconf 89' lang='lat' dir='ltr'><strong>Ecclesiam</strong></span> <span class='ocrx_word' id='word_1_398' title='bbox 1948 3085 2205 3135; x_wconf 84' lang='lat' dir='ltr'><strong>Romanam</strong></span> <span class='ocrx_word' id='word_1_399' title='bbox 2240 3089 2398 3136; x_wconf 88' lang='lat' dir='ltr'><strong>conci-</strong></span> 
     </span>
     <span class='ocr_line' id='line_1_74' title="bbox 1378 3168 2393 3235; baseline 0.001 -18"><span class='ocrx_word' id='word_1_400' title='bbox 1378 3179 1497 3229; x_wconf 84' lang='lat' dir='ltr'><strong>tare,</strong></span> <span class='ocrx_word' id='word_1_401' title='bbox 1527 3187 1721 3234; x_wconf 88' lang='lat' dir='ltr'><strong>eamque</strong></span> <span class='ocrx_word' id='word_1_402' title='bbox 1748 3168 1925 3235; x_wconf 90' lang='lat' dir='ltr'><strong>abjecta</strong></span> <span class='ocrx_word' id='word_1_403' title='bbox 1960 3185 2139 3234; x_wconf 88' lang='lat' dir='ltr'><strong>prorsus</strong></span> <span class='ocrx_word' id='word_1_404' title='bbox 2172 3172 2393 3218; x_wconf 86' lang='lat' dir='ltr'><strong>omnive-</strong></span> 
     </span>
     <span class='ocr_line' id='line_1_75' title="bbox 1381 3252 2392 3318; baseline 0.002 -18"><span class='ocrx_word' id='word_1_405' title='bbox 1381 3252 1600 3301; x_wconf 88' lang='lat' dir='ltr'><strong>recundia</strong></span> <span class='ocrx_word' id='word_1_406' title='bbox 1633 3262 1814 3301; x_wconf 89' lang='lat' dir='ltr'><strong>accusat</strong></span> <span class='ocrx_word' id='word_1_407' title='bbox 1842 3253 2106 3302; x_wconf 88' lang='lat' dir='ltr'><strong>defectionis</strong></span> <span class='ocrx_word' id='word_1_408' title='bbox 2125 3288 2142 3314; x_wconf 90' lang='lat'><strong>,</strong></span> <span class='ocrx_word' id='word_1_409' title='bbox 2169 3253 2392 3318; x_wconf 83' lang='lat' dir='ltr'><strong>sacrilegii</strong></span> 
     </span>
     <span class='ocr_line' id='line_1_76' title="bbox 1380 3334 2390 3402; baseline -0.001 -18"><span class='ocrx_word' id='word_1_410' title='bbox 1380 3346 1426 3384; x_wconf 90' lang='lat' dir='ltr'><strong>et</strong></span> <span class='ocrx_word' id='word_1_411' title='bbox 1440 3337 1715 3402; x_wconf 81' lang='lat' dir='ltr'><strong>tyrannidis.</strong></span> <span class='ocrx_word' id='word_1_412' title='bbox 1740 3335 1882 3385; x_wconf 85' lang='lat' dir='ltr'><strong>Porro</strong></span> <span class='ocrx_word' id='word_1_413' title='bbox 1902 3337 1979 3385; x_wconf 90' lang='lat' dir='ltr'><strong>hic</strong></span> <span class='ocrx_word' id='word_1_414' title='bbox 2001 3336 2117 3385; x_wconf 89' lang='lat' dir='ltr'><strong>liber</strong></span> <span class='ocrx_word' id='word_1_415' title='bbox 2142 3334 2390 3401; x_wconf 88' lang='lat' dir='ltr'><strong>Petropoli‚</strong></span> 
     </span>
     <span class='ocr_line' id='line_1_77' title="bbox 1379 3416 2391 3485; baseline 0 -18"><span class='ocrx_word' id='word_1_416' title='bbox 1379 3436 1504 3467; x_wconf 89' lang='lat' dir='ltr'><strong>anno</strong></span> <span class='ocrx_word' id='word_1_417' title='bbox 1542 3416 1669 3484; x_wconf 86' lang='lat'>1829</span> <span class='ocrx_word' id='word_1_418' title='bbox 1698 3421 1847 3484; x_wconf 87' lang='lat' dir='ltr'><strong>primo</strong></span> <span class='ocrx_word' id='word_1_419' title='bbox 1866 3421 1983 3485; x_wconf 84' lang='lat' dir='ltr'><strong>typis</strong></span> <span class='ocrx_word' id='word_1_420' title='bbox 2009 3436 2200 3468; x_wconf 87' lang='lat' dir='ltr'><strong>excusus</strong></span> <span class='ocrx_word' id='word_1_421' title='bbox 2219 3457 2233 3478; x_wconf 93' lang='lat'><strong>,</strong></span> <span class='ocrx_word' id='word_1_422' title='bbox 2263 3422 2391 3485; x_wconf 83' lang='lat' dir='ltr'><strong>jussu</strong></span> 
     </span>
     <span class='ocr_line' id='line_1_78' title="bbox 1377 3501 2388 3567; baseline -0.001 -19"><span class='ocrx_word' id='word_1_423' title='bbox 1377 3501 1664 3566; x_wconf 87' lang='lat' dir='ltr'><strong>Imperatoris</strong></span> <span class='ocrx_word' id='word_1_424' title='bbox 1683 3504 1734 3549; x_wconf 91' lang='lat' dir='ltr'><strong>in</strong></span> <span class='ocrx_word' id='word_1_425' title='bbox 1754 3502 1917 3550; x_wconf 82' lang='lat' dir='ltr'><strong>omnia</strong></span> <span class='ocrx_word' id='word_1_426' title='bbox 1943 3501 2127 3567; x_wconf 88' lang='lat' dir='ltr'><strong>Imperii</strong></span> <span class='ocrx_word' id='word_1_427' title='bbox 2156 3502 2388 3567; x_wconf 84' lang='lat' dir='ltr'><strong>gymnasia</strong></span> 
     </span>
     <span class='ocr_line' id='line_1_79' title="bbox 1373 3582 2389 3646; baseline -0.003 -15"><span class='ocrx_word' id='word_1_428' title='bbox 1373 3585 1581 3632; x_wconf 88' lang='lat' dir='ltr'><strong>invectus</strong></span> <span class='ocrx_word' id='word_1_429' title='bbox 1634 3593 1701 3633; x_wconf 88' lang='lat' dir='ltr'><strong>est</strong></span> <span class='ocrx_word' id='word_1_430' title='bbox 1717 3620 1734 3646; x_wconf 90' lang='lat'><strong>,</strong></span> <span class='ocrx_word' id='word_1_431' title='bbox 1790 3594 1841 3633; x_wconf 88' lang='lat' dir='ltr'><strong>ut</strong></span> <span class='ocrx_word' id='word_1_432' title='bbox 1886 3587 1935 3632; x_wconf 88' lang='lat' dir='ltr'><strong>in</strong></span> <span class='ocrx_word' id='word_1_433' title='bbox 1987 3601 2073 3632; x_wconf 89' lang='lat' dir='ltr'><strong>usu</strong></span> <span class='ocrx_word' id='word_1_434' title='bbox 2127 3582 2389 3633; x_wconf 89' lang='lat' dir='ltr'><strong>catechismi</strong></span> 
     </span>
    </p>
   </div>
  </div>
 </body>
</html>
