2508 4120
2045 147 2157 208 361

597 184 719 220 cAP.
770 182 851 219 1V.
901 182 968 217 DE
1012 178 1379 218 mA'rnmonus
1421 176 1632 214 fflxwls.

54 332 351 409 quoeritur
380 324 488 405 (1)
525 323 616 383 Sic
654 325 854 383 Patres
879 321 1087 402 reliqui
1117 320 1334 402 passim
1367 318 1690 400 loquuntur
1707 315 1818 395 (2).
1847 315 1908 375 Si
1928 314 2163 374 haeresis

53 433 361 505 praeterea,
382 424 548 497 juxta
583 417 736 477 dicta
755 462 771 491 a
798 417 1054 496 legitima,
1081 435 1250 473 causa
1274 435 1400 474 esse
1430 423 1624 494 potest
1647 408 2000 472 dissolvendi
2023 429 2165 467 con-

48 519 190 597 jugii
210 562 225 591 7
256 516 463 575 saltem
501 512 694 596 quoad
724 512 942 571 victum
968 509 1360 590 thorumque,
1394 508 1513 566 imo
1547 505 1844 566 interdum
1883 515 1945 564 et
1974 524 2169 563 neces-

57 614 200 671 saria
244 609 542 669 dissolutio
592 619 716 680 est,
769 606 818 664 si
865 607 1047 663 instet
1093 623 1307 684 nempe
1357 601 1683 683 periculum
1731 600 2123 683 perversionis
2150 644 2166 674 ,

57 717 278 790 quanto
324 705 504 784 magis
538 700 785 761 naturali
825 700 951 779 lege
1009 719 1113 757 seu
1154 697 1502 756 conscientia
1567 695 1826 755 dictante
1862 697 2171 777 quisquam

58 802 436 880 adstringitur
464 798 538 859 ad
561 796 846 876 ejusmodi
874 795 1138 872 conjugia
1161 814 1294 852 cum
1317 791 1603 851 haereticis
1632 789 1913 851 vitanda?
1941 789 2172 850 Accedit
2207 819 2210 823 Δ

58 895 380 979 periculum
405 940 420 967 7
450 891 610 975 quod
641 892 821 949 instat
855 890 1063 948 futurae
1098 887 1273 968 proli,
1304 907 1379 945 ne
1414 908 1447 944 a
1482 887 1727 964 conjuge
1749 885 2020 945 haeretico
2041 905 2175 966 per·

59 1002 341 1054 vertatur.
371 986 528 1066 Quid
557 986 717 1046 enim
755 986 818 1043 in
863 995 1062 1042 tenera
1094 981 1422 1042 ,liberorum
1461 991 1665 1041 mente
1715 979 1951 1041 valeant
1991 1000 2174 1062 prava

59 1085 325 1167 exempla
346 1129 364 1159 ,
400 1082 565 1143 malae
602 1080 1025 1141 insinuationes
1047 1123 1064 1153 .,
1098 1078 1315 1138 blanda
1354 1077 1535 1138 verba
1561 1123 1578 1153 ,
1615 1079 1682 1136 in
1722 1076 2040 1136 Ecclesiam
2082 1097 2176 1136 ca·

62 1181 339 1248 tholicam
373 1188 777 1259 contemptuS,
811 1174 1037 1256 aliaque
1074 1173 1136 1232 id
1158 1195 1339 1254 genus
1362 1194 1544 1255 prope
1571 1173 1882 1232 innumera
1904 1218 1921 1249 ,
1958 1193 2090 1253 quae
2113 1172 2177 1230 in

63 1276 388 1335 domesticis
431 1271 661 1334 familiis
721 1293 792 1332 ex
839 1268 943 1329 tali
997 1269 1405 1347 conjunctione
1458 1267 1665 1328 evitari
1721 1289 1844 1326 non
1884 1277 2134 1349 possunt
2157 1312 2175 1340 ‚

62 1392 237 1430 nemo
282 1381 371 1430 est
412 1369 510 1451 qui
542 1370 769 1448 ignoret
799 1363 913 1444 (3).
956 1365 1038 1422 Ut
1076 1375 1420 1445 praeteream
1457 1363 1930 1446 profanationem
1976 1363 2181 1422 Sacra-

65 1465 251 1525 menti
275 1510 292 1539 .,
320 1463 509 1543 jurgia
532 1507 549 1536 ,
590 1459 919 1543 periculum
952 1459 1228 1533 divortii,
1276 1458 1436 1541 quod
1472 1480 1706 1541 semper
1741 1460 1959 1519 instare
1989 1467 2183 1540 potest

64 1582 135 1619 ex
157 1570 324 1641 parte
348 1579 576 1619 eorum.
604 1556 705 1636 qui
727 1556 1079 1636 profitentur
1095 1554 1493 1631 conjugiorum
1516 1552 2030 1613 dissolubilitatem
2046 1552 2177 1631 (4);

63 1675 192 1735 quae
218 1652 461 1736 quidem
480 1651 678 1710 omnia
696 1647 1001 1709 evidenter
1025 1647 1349 1706 ostendunt
1369 1691 1385 1722 ‚
1412 1648 1593 1707 mixta
1617 1645 1908 1707 connubia
1929 1647 2185 1727 graviter

64 1748 190 1826 lege
210 1745 464 1806 naturali
498 1767 601 1806 seu
624 1742 974 1803 conscientia
1009 1740 1363 1823 improbari,
1390 1752 1568 1824 prout
1591 1741 1689 1804 vel
1711 1751 1939 1803 naturae
1960 1741 2184 1802 lumine

71 1840 342 1902 Islamitae
373 1852 547 1922 atque
576 1837 798 1899 ethnici
821 1837 931 1919 ipsi
958 1837 1051 1915 (5)
1081 1848 1499 1915 cognoverunt.

143 2099 208 2164 (1)
239 2098 319 2148 De
349 2098 635 2159 Abraham,
683 2098 765 2147 lib.
803 2115 818 2146 1
837 2135 850 2156 ‚
882 2114 982 2162 cap.
1014 2114 1078 2163 9,
1166 2105 1288 2163 capt.
1318 2095 1496 2162 Babyt.
1541 2097 1654 2148 edit.
1687 2101 1767 2148 cit.
1804 2098 1887 2148 fol.
1919 2095 2015 2161 54,
2061 2098 2188 2164 apud

67 2198 123 2235 rn.
148 2179 248 2244 84,
276 2182 389 2231 edit.
423 2181 572 2230 Maur.
1169 2179 1424 2239 Serarium‚
1455 2180 1547 2230 loc.
1577 2183 1658 2230 cit.
1687 2178 1715 2247 §
1750 2179 1843 2245 8).

139 2262 206 2326 (2)
243 2261 345 2312 cfr.
375 2263 503 2328 apud
536 2261 788 2319 Semi-ium,
819 2261 1010 2309 loc.cit.
1237 2261 1302 2325 (5)
1339 2261 1436 2311 cfr.
1462 2260 1670 2311 Serarius
1690 2262 1780 2313 loc.
1811 2265 1893 2313 cit.
1919 2260 1949 2329 ᾗ
1987 2278 2075 2324 ro,
2107 2264 2190 2328 qui

141 2344 208 2407 (3)
246 2343 356 2392 Haec
405 2347 559 2393 omnia
611 2345 712 2393 tuse
759 2352 805 2391 et
855 2341 1082 2406 eleganter
1174 2343 1308 2408 plura
1362 2344 1537 2408 profert
1585 2343 1729 2409 hujus
1773 2346 1839 2393 rei
1890 2344 2190 2393 documenta.

74 2419 358 2490 persequitur
390 2423 596 2473 Serarius
623 2460 640 2487 ,
668 2425 762 2474 loc.
798 2422 928 2490 cit.§
959 2439 1036 2472 12.

145 2506 215 2569 (14)
250 2505 553 2554 protestantes
569 2536 591 2567 ,‹
616 2515 669 2553 ut
689 2522 773 2553 suo
802 2506 904 2553 loco
932 2515 1086 2553 osten-

78 2586 256 2647 dimus,
287 2589 488 2653 conjugii
507 2585 856 2636 dissolutionem
885 2586 946 2635 ob
965 2586 1088 2635 leves

77 2684 234 2717 causas
261 2671 427 2733 passim
442 2668 726 2728 admittunt3
761 2669 871 2717 hinc
898 2670 982 2716 tria
997 2667 1091 2717 sere

79 2751 220 2798 millia
244 2754 382 2799 unius
416 2754 526 2798 anni
553 2754 696 2815 spatio
727 2755 777 2798 in
807 2751 903 2799 solo
933 2750 1091 2815 Regno

78 2831 319 2880 Borussico
351 2833 550 2882 vidimus
570 2834 706 2881 fuisse
727 2851 753 2881 a
779 2832 1090 2881 tribunalibus

81 2914 264 2965 decreta
298 2916 512 2965 divortia.
567 2916 787 2965 Praeterea
815 2952 831 2979 ‚
884 2914 1090 2966 Luthero

81 3005 268 3044 auctore
282 3033 296 3058 ,
321 3000 390 3046 vir
408 3015 571 3047 uxores
590 2998 743 3062 plures
761 2998 898 3046 simul
925 2997 1093 3047 ducere

82 3076 251 3141 poterit
269 3116 287 3138 ,
313 3090 364 3126 ut
385 3080 524 3144 paulo
558 3088 665 3127 ante
691 3082 856 3144 pariter
871 3080 1091 3142 vidimus;

83 3164 121 3207 is
146 3178 252 3209 vero
268 3173 477 3226 praeterea
495 3165 677 3228 poterit,
717 3164 879 3212 eodem
903 3165 1094 3213 docente

85 3241 203 3306 (lib.
227 3241 306 3290 De
331 3246 432 3292 vita
454 3244 645 3310 conjuq.
674 3256 789 3293 tom.
817 3263 883 3303 vi,
906 3245 988 3295 fol.
1009 3262 1092 3313 77,

85 3324 468 3389 edit.Wittemb.)
484 3330 520 3374 si
528 3329 813 3391 acquiescere
828 3327 946 3374 nolit
958 3344 1089 3387 uxor,

87 3407 301 3455 ancillam
339 3410 564 3469 invitare;
601 3426 716 3458 uxor
744 3419 896 3457 autem
925 3411 1092 3473 poterit

87 3490 144 3537 ab
173 3489 258 3537 illo
273 3527 285 3548 ‚
321 3493 402 3556 qui
424 3492 655 3555 impotens
684 3493 765 3550 sit,
783 3489 986 3556 flagitare
1002 3527 1015 3550 ,
1037 3503 1089 3541 ut

88 3590 140 3619 ex
186 3570 324 3621 leviro
346 3609 358 3630 ‚
390 3589 472 3620 seu
513 3575 660 3622 mariti
707 3572 830 3621 illius
859 3573 995 3623 fratre
1023 3574 1095 3624 vel

88 3656 345 3719 propinquo
379 3654 488 3702 alios
515 3655 677 3703 liberos
708 3657 848 3719 pariat
873 3657 888 3718 (
911 3655 994 3704 lib.
1026 3654 1095 3704 De

1173 2423 1349 2472 Verum
1371 2462 1386 2485 ‚
1415 2425 1542 2489 quod
1559 2427 1702 2489 magis
1724 2426 1901 2473 mireris
1917 2460 1931 2484 ‚
1951 2423 2068 2472 illud
2081 2441 2193 2473 sane

1176 2515 1244 2555 est
1258 2544 1277 2566 ,
1319 2506 1444 2572 quod
1486 2506 1560 2555 vel
1595 2508 1682 2571 ipsi
1712 2506 1916 2555 haerctici
1954 2505 2013 2555 ab
2058 2507 2190 2554 initio

1176 2586 1501 2636 abhorruerint
1514 2607 1539 2636 a
1555 2588 1787 2655 conjugiis
1807 2590 1961 2637 mixtis
1981 2625 1995 2647 ‚
2018 2591 2190 2636 ineun-

1140 2737 1143 2741 Ὢ
1178 2669 1249 2718 dis
1288 2670 1460 2718 scilicet
1512 2687 1620 2719 cum
1666 2669 1934 2720 Catholicis.
1969 2667 2045 2718 Sic
2073 2672 2193 2720 inter

1179 2761 1354 2800 ceteros
1399 2751 1559 2801 scribit
1601 2751 1818 2802 Albertus
1859 2751 2052 2802 Gentilis
2090 2752 2194 2811 Cal-

1183 2836 1398 2882 vinianus
1428 2836 1479 2882 in
1506 2835 1670 2900 Anglia
1694 2835 2056 2902 jurisconsultus
2076 2871 2090 2893 ‚
2121 2831 2195 2883 De

1181 2918 1387 2983 nuptiis,
1421 2917 1507 2967 lib.
1542 2935 1613 2979 ιι,
1638 2935 1739 2983 cap.
1785 2934 1874 2984 19,
1899 2935 2005 2983 pag.
2037 2913 2147 2965 228·
2175 2932 2190 2965 ε

1182 2998 1553 3049 Matrimonium
1591 3010 1658 3048 est
1708 3001 1871 3050 divini
1894 2999 2032 3067 juris
2066 3015 2195 3047 com-

1182 3083 1444 3130 municatio
1461 3100 1475 3146 3
1493 3083 1723 3147 quoniam
1750 3083 2105 3131 communicare
2116 3080 2198 3128 de-

1181 3165 1292 3212 bent
1323 3167 1546 3230 conjuqes
1582 3168 1639 3214 in
1664 3165 1803 3213 verbo
1830 3164 1988 3212 eodem
2013 3171 2059 3212 et
2102 3164 2194 3211 eis·

1182 3247 1287 3294 dem
1313 3244 1662 3298 Sacramentis.
1681 3246 1777 3294 Est
1787 3248 1990 3295 societas
2016 3244 2198 3294 divinoe

1182 3328 1370 3376 domus.
1386 3328 1517 3378 Nam
1534 3328 1699 3377 eadem
1720 3329 1916 3392 utrique
1942 3343 2039 3375 esse
2065 3326 2199 3375 debet

1181 3408 1402 3460 Ecclesia
1424 3449 1437 3470 ‚
1471 3419 1514 3458 et
1534 3412 1742 3476 privatoe
1776 3408 2012 3458 Ecclesioe
2041 3409 2197 3458 dome-

1180 3495 1339 3555 sticoe,
1372 3503 1415 3541 et
1443 3495 1746 3559 privatarum
1766 3509 1962 3558 precum
1983 3509 2197 3541 commu-

1177 3577 1359 3625 nicatio
1378 3613 1392 3633 ‚
1429 3575 1573 3623 etiam
1600 3582 1647 3623 et
1668 3573 1907 3641 sepulchri
1923 3612 1938 3635 ‚
1973 3573 2101 3639 quod
2123 3588 2198 3619 re-

1177 3657 1479 3724 liqioeijuris
1493 3665 1562 3704 est
1579 3659 1998 3705 communicatio...
2026 3653 2198 3704 Dicam
