<?xml version="1.0" encoding="UTF-8"?>
<!DOCTYPE html PUBLIC "-//W3C//DTD XHTML 1.0 Transitional//EN"
    "http://www.w3.org/TR/xhtml1/DTD/xhtml1-transitional.dtd">
<html xmlns="http://www.w3.org/1999/xhtml" xml:lang="en" lang="en">
 <head>
  <title>
</title>
<meta http-equiv="Content-Type" content="text/html;charset=utf-8" />
  <meta name='ocr-system' content='tesseract 3.04.00' />
  <meta name='ocr-capabilities' content='ocr_page ocr_carea ocr_par ocr_line ocrx_word'/>
</head>
<body>
  <div class='ocr_page' id='page_1' title='image "a603693807perruoft_0423.png"; bbox 0 0 2508 4120; ppageno 0'>
   <div class='ocr_carea' id='block_1_1' title="bbox 2084 140 2200 202">
    <p class='ocr_par' dir='ltr' id='par_1_1' title="bbox 2084 140 2200 202">
     <span class='ocr_line' id='line_1_1' title="bbox 2084 140 2200 202; baseline 0.017 -2"><span class='ocrx_word' id='word_1_1' title='bbox 2084 140 2200 202; x_wconf 75' lang='lat'><strong>415</strong></span> 
     </span>
    </p>
   </div>
   <div class='ocr_carea' id='block_1_2' title="bbox 625 166 1663 211">
    <p class='ocr_par' dir='ltr' id='par_1_2' title="bbox 625 166 1663 211">
     <span class='ocr_line' id='line_1_2' title="bbox 625 166 1663 211; baseline -0.006 -3"><span class='ocrx_word' id='word_1_2' title='bbox 625 171 748 209; x_wconf 74' lang='lat' dir='ltr'>CAP.</span> <span class='ocrx_word' id='word_1_3' title='bbox 794 171 873 211; x_wconf 86' lang='lat' dir='ltr'><strong>lv.</strong></span> <span class='ocrx_word' id='word_1_4' title='bbox 924 171 992 206; x_wconf 76' lang='lat' dir='ltr'><strong>DE</strong></span> <span class='ocrx_word' id='word_1_5' title='bbox 1036 167 1408 206; x_wconf 71' lang='lat' dir='ltr'><strong>uA&#39;aruonus</strong></span> <span class='ocrx_word' id='word_1_6' title='bbox 1454 166 1663 203; x_wconf 71' lang='lat' dir='ltr'><strong>nixus.</strong></span> 
     </span>
    </p>
   </div>
   <div class='ocr_carea' id='block_1_3' title="bbox 21 306 2218 2192">
    <p class='ocr_par' dir='ltr' id='par_1_3' title="bbox 89 306 2199 390">
     <span class='ocr_line' id='line_1_3' title="bbox 89 306 2199 390; baseline -0.006 -14"><span class='ocrx_word' id='word_1_7' title='bbox 89 314 276 378; x_wconf 83' lang='lat' dir='ltr'><strong>rantia</strong></span> <span class='ocrx_word' id='word_1_8' title='bbox 326 325 426 373; x_wconf 87' lang='lat' dir='ltr'><strong>aut</strong></span> <span class='ocrx_word' id='word_1_9' title='bbox 457 312 638 371; x_wconf 87' lang='lat' dir='ltr'><strong>animi</strong></span> <span class='ocrx_word' id='word_1_10' title='bbox 671 310 900 390; x_wconf 82' lang='lat' dir='ltr'><strong>ignavia</strong></span> <span class='ocrx_word' id='word_1_11' title='bbox 921 308 1183 369; x_wconf 83' lang='lat' dir='ltr'><strong>Ecclesiae</strong></span> <span class='ocrx_word' id='word_1_12' title='bbox 1213 307 1307 368; x_wconf 85' lang='lat' dir='ltr'><strong>lex</strong></span> <span class='ocrx_word' id='word_1_13' title='bbox 1336 307 1546 367; x_wconf 89' lang='lat' dir='ltr'><strong>alicubi</strong></span> <span class='ocrx_word' id='word_1_14' title='bbox 1577 306 1791 366; x_wconf 87' lang='lat' dir='ltr'><strong>violata</strong></span> <span class='ocrx_word' id='word_1_15' title='bbox 1825 315 1948 382; x_wconf 90' lang='lat' dir='ltr'><strong>est,</strong></span> <span class='ocrx_word' id='word_1_16' title='bbox 1987 315 2199 378; x_wconf 78' lang='lat' dir='ltr'><strong>trans.3</strong></span> 
     </span>
    </p>

    <p class='ocr_par' dir='ltr' id='par_1_4' title="bbox 21 400 2218 1533">
     <span class='ocr_line' id='line_1_4' title="bbox 88 400 2207 490; baseline -0.005 -20"><span class='ocrx_word' id='word_1_17' title='bbox 88 410 343 490; x_wconf 81' lang='lat' dir='ltr'><strong>legitime</strong></span> <span class='ocrx_word' id='word_1_18' title='bbox 376 406 582 467; x_wconf 86' lang='lat' dir='ltr'><strong>collata</strong></span> <span class='ocrx_word' id='word_1_19' title='bbox 618 415 708 464; x_wconf 89' lang='lat' dir='ltr'><strong>est</strong></span> <span class='ocrx_word' id='word_1_20' title='bbox 739 403 852 463; x_wconf 85' lang='lat' dir='ltr'><strong>illis</strong></span> <span class='ocrx_word' id='word_1_21' title='bbox 886 403 1163 482; x_wconf 84' lang='lat' dir='ltr'><strong>conjugiis</strong></span> <span class='ocrx_word' id='word_1_22' title='bbox 1185 401 1516 462; x_wconf 82' lang='lat' dir='ltr'><strong>benedictio</strong></span> <span class='ocrx_word' id='word_1_23' title='bbox 1538 446 1554 473; x_wconf 87' lang='lat'><strong>‚</strong></span> <span class='ocrx_word' id='word_1_24' title='bbox 1585 424 1711 483; x_wconf 66' lang='lat' dir='ltr'><strong>neq.</strong></span> <span class='ocrx_word' id='word_1_25' title='bbox 1750 400 1975 461; x_wconf 86' lang='lat' dir='ltr'><strong>Etenim</strong></span> <span class='ocrx_word' id='word_1_26' title='bbox 2003 411 2207 483; x_wconf 89' lang='lat' dir='ltr'><strong>potue·</strong></span> 
     </span>
     <span class='ocr_line' id='line_1_5' title="bbox 21 482 2206 577; baseline -0.005 -13"><span class='ocrx_word' id='word_1_27' title='bbox 21 482 30 492; x_wconf 88' lang='lat'><strong>.</strong></span> <span class='ocrx_word' id='word_1_28' title='bbox 88 515 230 564; x_wconf 91' lang='lat' dir='ltr'><strong>runt</strong></span> <span class='ocrx_word' id='word_1_29' title='bbox 266 500 562 562; x_wconf 90' lang='lat' dir='ltr'><strong>interdum</strong></span> <span class='ocrx_word' id='word_1_30' title='bbox 601 497 935 561; x_wconf 81' lang='lat' dir='ltr'><strong>Sacerdotes</strong></span> <span class='ocrx_word' id='word_1_31' title='bbox 988 497 1203 577; x_wconf 78' lang='lat' dir='ltr'><strong>aliqui,</strong></span> <span class='ocrx_word' id='word_1_32' title='bbox 1257 497 1347 555; x_wconf 92' lang='lat' dir='ltr'><strong>sui</strong></span> <span class='ocrx_word' id='word_1_33' title='bbox 1397 495 1563 555; x_wconf 84' lang='lat' dir='ltr'><strong>obliti</strong></span> <span class='ocrx_word' id='word_1_34' title='bbox 1615 497 1874 556; x_wconf 90' lang='lat' dir='ltr'><strong>muneris</strong></span> <span class='ocrx_word' id='word_1_35' title='bbox 1901 541 1917 571; x_wconf 80' lang='lat'><strong>.,</strong></span> <span class='ocrx_word' id='word_1_36' title='bbox 1969 497 2090 557; x_wconf 88' lang='lat' dir='ltr'><strong>sive</strong></span> <span class='ocrx_word' id='word_1_37' title='bbox 2139 507 2206 554; x_wconf 90' lang='lat' dir='ltr'><strong>ut</strong></span> 
     </span>
     <span class='ocr_line' id='line_1_6' title="bbox 88 589 2208 682; baseline -0.005 -23"><span class='ocrx_word' id='word_1_38' title='bbox 88 596 362 682; x_wconf 78' lang='lat' dir='ltr'><strong>potestati</strong></span> <span class='ocrx_word' id='word_1_39' title='bbox 406 593 562 657; x_wconf 88' lang='lat' dir='ltr'><strong>civili</strong></span> <span class='ocrx_word' id='word_1_40' title='bbox 595 592 1027 654; x_wconf 86' lang='lat' dir='ltr'><strong>velificarentur</strong></span> <span class='ocrx_word' id='word_1_41' title='bbox 1048 635 1063 664; x_wconf 71' lang='lat'>‚</span> <span class='ocrx_word' id='word_1_42' title='bbox 1104 592 1226 650; x_wconf 90' lang='lat' dir='ltr'><strong>sive</strong></span> <span class='ocrx_word' id='word_1_43' title='bbox 1259 590 1552 650; x_wconf 89' lang='lat' dir='ltr'><strong>honorum</strong></span> <span class='ocrx_word' id='word_1_44' title='bbox 1596 589 1881 651; x_wconf 87' lang='lat' dir='ltr'><strong>illecebris</strong></span> <span class='ocrx_word' id='word_1_45' title='bbox 1911 602 2013 650; x_wconf 90' lang='lat' dir='ltr'><strong>aut</strong></span> <span class='ocrx_word' id='word_1_46' title='bbox 2047 601 2208 649; x_wconf 90' lang='lat' dir='ltr'><strong>metu</strong></span> 
     </span>
     <span class='ocr_line' id='line_1_7' title="bbox 88 683 2201 774; baseline -0.004 -23"><span class='ocrx_word' id='word_1_47' title='bbox 88 712 400 774; x_wconf 86' lang='lat' dir='ltr'><strong>poenarum</strong></span> <span class='ocrx_word' id='word_1_48' title='bbox 452 709 521 747; x_wconf 91' lang='lat' dir='ltr'><strong>eo</strong></span> <span class='ocrx_word' id='word_1_49' title='bbox 562 686 803 760; x_wconf 84' lang='lat' dir='ltr'><strong>adduci,</strong></span> <span class='ocrx_word' id='word_1_50' title='bbox 858 697 923 761; x_wconf 83' lang='lat' dir='ltr'><strong>ut</strong></span> <span class='ocrx_word' id='word_1_51' title='bbox 964 683 1305 765; x_wconf 78' lang='lat' dir='ltr'><strong>sacrilegum</strong></span> <span class='ocrx_word' id='word_1_52' title='bbox 1341 684 1452 743; x_wconf 93' lang='lat' dir='ltr'><strong>hoc</strong></span> <span class='ocrx_word' id='word_1_53' title='bbox 1502 685 1723 744; x_wconf 87' lang='lat' dir='ltr'><strong>facinus</strong></span> <span class='ocrx_word' id='word_1_54' title='bbox 1770 696 2201 767; x_wconf 85' lang='lat' dir='ltr'><strong>perpetrarent.</strong></span> 
     </span>
     <span class='ocr_line' id='line_1_8' title="bbox 94 779 2210 863; baseline -0.003 -17"><span class='ocrx_word' id='word_1_55' title='bbox 94 790 305 846; x_wconf 86' lang='lat' dir='ltr'><strong>Verum</strong></span> <span class='ocrx_word' id='word_1_56' title='bbox 340 784 433 842; x_wconf 91' lang='lat' dir='ltr'><strong>hic</strong></span> <span class='ocrx_word' id='word_1_57' title='bbox 468 804 588 840; x_wconf 89' lang='lat' dir='ltr'><strong>non</strong></span> <span class='ocrx_word' id='word_1_58' title='bbox 627 781 1026 863; x_wconf 77' lang='lat' dir='ltr'><strong>disputamuS.‚</strong></span> <span class='ocrx_word' id='word_1_59' title='bbox 1063 779 1207 860; x_wconf 88' lang='lat' dir='ltr'><strong>quid</strong></span> <span class='ocrx_word' id='word_1_60' title='bbox 1235 801 1304 839; x_wconf 86' lang='lat' dir='ltr'><strong>ex</strong></span> <span class='ocrx_word' id='word_1_61' title='bbox 1331 779 1694 861; x_wconf 88' lang='lat' dir='ltr'><strong>privatorum</strong></span> <span class='ocrx_word' id='word_1_62' title='bbox 1727 779 1894 862; x_wconf 91' lang='lat' dir='ltr'><strong>culpa</strong></span> <span class='ocrx_word' id='word_1_63' title='bbox 1921 781 2045 840; x_wconf 88' lang='lat' dir='ltr'><strong>fieri</strong></span> <span class='ocrx_word' id='word_1_64' title='bbox 2071 802 2210 862; x_wconf 91' lang='lat' dir='ltr'><strong>pos·-</strong></span> 
     </span>
     <span class='ocr_line' id='line_1_9' title="bbox 91 875 2210 962; baseline -0.003 -20"><span class='ocrx_word' id='word_1_65' title='bbox 91 882 199 955; x_wconf 69' lang='lat' dir='ltr'><strong>sit7</strong></span> <span class='ocrx_word' id='word_1_66' title='bbox 243 880 345 944; x_wconf 90' lang='lat' dir='ltr'><strong>sed</strong></span> <span class='ocrx_word' id='word_1_67' title='bbox 396 879 539 962; x_wconf 89' lang='lat' dir='ltr'><strong>quid</strong></span> <span class='ocrx_word' id='word_1_68' title='bbox 585 878 841 959; x_wconf 85' lang='lat' dir='ltr'><strong>legitime</strong></span> <span class='ocrx_word' id='word_1_69' title='bbox 877 877 1001 936; x_wconf 90' lang='lat' dir='ltr'><strong>fieri</strong></span> <span class='ocrx_word' id='word_1_70' title='bbox 1041 876 1223 957; x_wconf 91' lang='lat' dir='ltr'><strong>possit</strong></span> <span class='ocrx_word' id='word_1_71' title='bbox 1257 887 1318 935; x_wconf 90' lang='lat' dir='ltr'><strong>et</strong></span> <span class='ocrx_word' id='word_1_72' title='bbox 1353 877 1598 935; x_wconf 91' lang='lat' dir='ltr'><strong>omnino</strong></span> <span class='ocrx_word' id='word_1_73' title='bbox 1648 875 1881 935; x_wconf 87' lang='lat' dir='ltr'><strong>debeat.</strong></span> <span class='ocrx_word' id='word_1_74' title='bbox 1937 879 2025 937; x_wconf 88' lang='lat' dir='ltr'><strong>An</strong></span> <span class='ocrx_word' id='word_1_75' title='bbox 2070 898 2210 938; x_wconf 89' lang='lat' dir='ltr'><strong>vero</strong></span> 
     </span>
     <span class='ocr_line' id='line_1_10' title="bbox 91 967 2212 1054; baseline -0.002 -19"><span class='ocrx_word' id='word_1_76' title='bbox 91 973 845 1036; x_wconf 88' lang='lat' dir='ltr'><strong>assentatorumhominum</strong></span> <span class='ocrx_word' id='word_1_77' title='bbox 878 969 1123 1053; x_wconf 88' lang='lat' dir='ltr'><strong>perfidia</strong></span> <span class='ocrx_word' id='word_1_78' title='bbox 1166 981 1267 1028; x_wconf 90' lang='lat' dir='ltr'><strong>aut</strong></span> <span class='ocrx_word' id='word_1_79' title='bbox 1289 967 1638 1051; x_wconf 75' lang='lat' dir='ltr'><strong>ignavorum</strong></span> <span class='ocrx_word' id='word_1_80' title='bbox 1664 971 1922 1052; x_wconf 88' lang='lat' dir='ltr'><strong>pravitas</strong></span> <span class='ocrx_word' id='word_1_81' title='bbox 1949 993 2212 1054; x_wconf 86' lang='lat' dir='ltr'><strong>unquam</strong></span> 
     </span>
     <span class='ocr_line' id='line_1_11' title="bbox 92 1064 2212 1149; baseline -0.003 -18"><span class='ocrx_word' id='word_1_82' title='bbox 92 1071 333 1142; x_wconf 87' lang='lat' dir='ltr'><strong>efficiet,</strong></span> <span class='ocrx_word' id='word_1_83' title='bbox 379 1081 445 1128; x_wconf 92' lang='lat' dir='ltr'><strong>ut</strong></span> <span class='ocrx_word' id='word_1_84' title='bbox 489 1069 583 1128; x_wconf 84' lang='lat' dir='ltr'><strong>lex</strong></span> <span class='ocrx_word' id='word_1_85' title='bbox 624 1068 814 1149; x_wconf 89' lang='lat' dir='ltr'><strong>aliqua</strong></span> <span class='ocrx_word' id='word_1_86' title='bbox 867 1066 1022 1126; x_wconf 89' lang='lat' dir='ltr'><strong>licite</strong></span> <span class='ocrx_word' id='word_1_87' title='bbox 1076 1064 1362 1139; x_wconf 74' lang='lat' dir='ltr'><strong>violetur,</strong></span> <span class='ocrx_word' id='word_1_88' title='bbox 1410 1064 1730 1126; x_wconf 87' lang='lat' dir='ltr'><strong>obsistente</strong></span> <span class='ocrx_word' id='word_1_89' title='bbox 1775 1067 2095 1148; x_wconf 86' lang='lat' dir='ltr'><strong>praesertim</strong></span> <span class='ocrx_word' id='word_1_90' title='bbox 2145 1088 2212 1126; x_wconf 85' lang='lat' dir='ltr'><strong>ac</strong></span> 
     </span>
     <span class='ocr_line' id='line_1_12' title="bbox 93 1159 2217 1244; baseline -0.002 -19"><span class='ocrx_word' id='word_1_91' title='bbox 93 1164 448 1225; x_wconf 87' lang='lat' dir='ltr'><strong>reclamante</strong></span> <span class='ocrx_word' id='word_1_92' title='bbox 492 1163 748 1242; x_wconf 84' lang='lat' dir='ltr'><strong>legitima</strong></span> <span class='ocrx_word' id='word_1_93' title='bbox 788 1161 1049 1224; x_wconf 83' lang='lat' dir='ltr'><strong>Ecclesiae</strong></span> <span class='ocrx_word' id='word_1_94' title='bbox 1084 1160 1427 1221; x_wconf 88' lang='lat' dir='ltr'><strong>auctoritate</strong></span> <span class='ocrx_word' id='word_1_95' title='bbox 1472 1159 1619 1240; x_wconf 78' lang='lat' dir='ltr'><strong>(l)?</strong></span> <span class='ocrx_word' id='word_1_96' title='bbox 1663 1162 1722 1220; x_wconf 85' lang='lat' dir='ltr'><strong>Si</strong></span> <span class='ocrx_word' id='word_1_97' title='bbox 1760 1161 1871 1221; x_wconf 88' lang='lat' dir='ltr'><strong>hoc</strong></span> <span class='ocrx_word' id='word_1_98' title='bbox 1922 1162 2217 1244; x_wconf 82' lang='lat' dir='ltr'><strong>quispiam</strong></span> 
     </span>
     <span class='ocr_line' id='line_1_13' title="bbox 94 1254 2217 1336; baseline -0.001 -17"><span class='ocrx_word' id='word_1_99' title='bbox 94 1259 446 1336; x_wconf 83' lang='lat' dir='ltr'><strong>contendat,</strong></span> <span class='ocrx_word' id='word_1_100' title='bbox 479 1280 602 1318; x_wconf 90' lang='lat' dir='ltr'><strong>non</strong></span> <span class='ocrx_word' id='word_1_101' title='bbox 638 1256 816 1316; x_wconf 91' lang='lat' dir='ltr'><strong>modo</strong></span> <span class='ocrx_word' id='word_1_102' title='bbox 841 1256 934 1315; x_wconf 80' lang='lat' dir='ltr'><strong>lex</strong></span> <span class='ocrx_word' id='word_1_103' title='bbox 969 1256 1188 1336; x_wconf 85' lang='lat' dir='ltr'><strong>quaevis</strong></span> <span class='ocrx_word' id='word_1_104' title='bbox 1227 1254 1608 1315; x_wconf 89' lang='lat' dir='ltr'><strong>ecclesiastica</strong></span> <span class='ocrx_word' id='word_1_105' title='bbox 1630 1301 1646 1331; x_wconf 87' lang='lat'><strong>.,</strong></span> <span class='ocrx_word' id='word_1_106' title='bbox 1686 1256 1790 1316; x_wconf 91' lang='lat' dir='ltr'><strong>sed</strong></span> <span class='ocrx_word' id='word_1_107' title='bbox 1812 1259 1991 1316; x_wconf 91' lang='lat' dir='ltr'><strong>etiam</strong></span> <span class='ocrx_word' id='word_1_108' title='bbox 2028 1256 2217 1320; x_wconf 76' lang='lat' dir='ltr'><strong>civilis</strong></span> 
     </span>
     <span class='ocr_line' id='line_1_14' title="bbox 96 1350 2218 1437; baseline -0 -23"><span class='ocrx_word' id='word_1_109' title='bbox 96 1356 410 1437; x_wconf 88' lang='lat' dir='ltr'><strong>divinaque</strong></span> <span class='ocrx_word' id='word_1_110' title='bbox 435 1356 559 1437; x_wconf 88' lang='lat' dir='ltr'><strong>ipsa</strong></span> <span class='ocrx_word' id='word_1_111' title='bbox 609 1353 705 1414; x_wconf 84' lang='lat' dir='ltr'><strong>lex</strong></span> <span class='ocrx_word' id='word_1_112' title='bbox 741 1352 954 1434; x_wconf 90' lang='lat' dir='ltr'><strong>poterit</strong></span> <span class='ocrx_word' id='word_1_113' title='bbox 991 1351 1233 1433; x_wconf 90' lang='lat' dir='ltr'><strong>impune</strong></span> <span class='ocrx_word' id='word_1_114' title='bbox 1264 1350 1503 1419; x_wconf 71' lang='lat' dir='ltr'><strong>violari,</strong></span> <span class='ocrx_word' id='word_1_115' title='bbox 1542 1372 1673 1410; x_wconf 87' lang='lat' dir='ltr'><strong>cum</strong></span> <span class='ocrx_word' id='word_1_116' title='bbox 1704 1352 1964 1434; x_wconf 90' lang='lat' dir='ltr'><strong>quotidie</strong></span> <span class='ocrx_word' id='word_1_117' title='bbox 2007 1353 2218 1434; x_wconf 80' lang='lat' dir='ltr'><strong>ingens</strong></span> 
     </span>
     <span class='ocr_line' id='line_1_15' title="bbox 96 1445 1706 1533; baseline -0.001 -24"><span class='ocrx_word' id='word_1_118' title='bbox 96 1452 404 1511; x_wconf 89' lang='lat' dir='ltr'><strong>hominum</strong></span> <span class='ocrx_word' id='word_1_119' title='bbox 430 1449 797 1532; x_wconf 80' lang='lat' dir='ltr'><strong>perditorum</strong></span> <span class='ocrx_word' id='word_1_120' title='bbox 825 1445 996 1509; x_wconf 88' lang='lat' dir='ltr'><strong>turba</strong></span> <span class='ocrx_word' id='word_1_121' title='bbox 1026 1445 1151 1509; x_wconf 88' lang='lat' dir='ltr'><strong>illas</strong></span> <span class='ocrx_word' id='word_1_122' title='bbox 1180 1446 1706 1533; x_wconf 64' lang='lat' dir='ltr'><strong>praetergrediatur.</strong></span> 
     </span>
    </p>

    <p class='ocr_par' dir='ltr' id='par_1_5' title="bbox 97 1541 2218 2192">
     <span class='ocr_line' id='line_1_16' title="bbox 181 1541 2215 1624; baseline -0.001 -19"><span class='ocrx_word' id='word_1_123' title='bbox 181 1546 320 1605; x_wconf 79' lang='lat'><strong>347.</strong></span> <span class='ocrx_word' id='word_1_124' title='bbox 372 1544 459 1604; x_wconf 83' lang='lat' dir='ltr'><strong>Ad</strong></span> <span class='ocrx_word' id='word_1_125' title='bbox 488 1545 572 1603; x_wconf 83' lang='lat'>7¹1¹</span> <span class='ocrx_word' id='word_1_126' title='bbox 595 1589 612 1618; x_wconf 82' lang='lat'>,</span> <span class='ocrx_word' id='word_1_127' title='bbox 653 1543 804 1622; x_wconf 73' lang='lat' dir='ltr'><strong>Ney.</strong></span> <span class='ocrx_word' id='word_1_128' title='bbox 842 1544 1157 1621; x_wconf 88' lang='lat' dir='ltr'><strong>Nunquam</strong></span> <span class='ocrx_word' id='word_1_129' title='bbox 1197 1541 1358 1602; x_wconf 88' lang='lat' dir='ltr'><strong>enim</strong></span> <span class='ocrx_word' id='word_1_130' title='bbox 1399 1541 1644 1601; x_wconf 87' lang='lat' dir='ltr'><strong>Ecclesia</strong></span> <span class='ocrx_word' id='word_1_131' title='bbox 1675 1564 1708 1600; x_wconf 86' lang='lat' dir='ltr'><strong>a</strong></span> <span class='ocrx_word' id='word_1_132' title='bbox 1748 1563 1810 1601; x_wconf 92' lang='lat' dir='ltr'><strong>se</strong></span> <span class='ocrx_word' id='word_1_133' title='bbox 1838 1543 1962 1624; x_wconf 90' lang='lat' dir='ltr'><strong>ipsa</strong></span> <span class='ocrx_word' id='word_1_134' title='bbox 1987 1542 2215 1604; x_wconf 86' lang='lat' dir='ltr'><strong>dissen-</strong></span> 
     </span>
     <span class='ocr_line' id='line_1_17' title="bbox 98 1636 2218 1719; baseline -0 -21"><span class='ocrx_word' id='word_1_135' title='bbox 98 1639 235 1713; x_wconf 81' lang='lat' dir='ltr'><strong>tiet,</strong></span> <span class='ocrx_word' id='word_1_136' title='bbox 270 1659 460 1719; x_wconf 91' lang='lat' dir='ltr'><strong>neque</strong></span> <span class='ocrx_word' id='word_1_137' title='bbox 487 1637 818 1719; x_wconf 87' lang='lat' dir='ltr'><strong>permittet,</strong></span> <span class='ocrx_word' id='word_1_138' title='bbox 844 1646 911 1697; x_wconf 85' lang='lat' dir='ltr'><strong>ut</strong></span> <span class='ocrx_word' id='word_1_139' title='bbox 933 1636 1134 1716; x_wconf 64' lang='lat' dir='ltr'><strong>sponsi,</strong></span> <span class='ocrx_word' id='word_1_140' title='bbox 1164 1645 1401 1716; x_wconf 87' lang='lat' dir='ltr'><strong>pactum</strong></span> <span class='ocrx_word' id='word_1_141' title='bbox 1439 1636 1673 1710; x_wconf 74' lang='lat' dir='ltr'><strong>ineant,</strong></span> <span class='ocrx_word' id='word_1_142' title='bbox 1711 1657 1827 1718; x_wconf 91' lang='lat' dir='ltr'><strong>quo</strong></span> <span class='ocrx_word' id='word_1_143' title='bbox 1857 1636 1959 1695; x_wconf 88' lang='lat' dir='ltr'><strong>filii</strong></span> <span class='ocrx_word' id='word_1_144' title='bbox 2001 1639 2218 1719; x_wconf 75' lang='lat' dir='ltr'><strong>patriS,</strong></span> 
     </span>
     <span class='ocr_line' id='line_1_18' title="bbox 97 1727 2214 1813; baseline -0 -20"><span class='ocrx_word' id='word_1_145' title='bbox 97 1734 227 1793; x_wconf 85' lang='lat' dir='ltr'><strong>filiae</strong></span> <span class='ocrx_word' id='word_1_146' title='bbox 256 1755 395 1793; x_wconf 87' lang='lat' dir='ltr'><strong>vero</strong></span> <span class='ocrx_word' id='word_1_147' title='bbox 422 1731 559 1791; x_wconf 87' lang='lat' dir='ltr'><strong>falsa</strong></span> <span class='ocrx_word' id='word_1_148' title='bbox 599 1731 875 1811; x_wconf 78' lang='lat' dir='ltr'><strong>religione</strong></span> <span class='ocrx_word' id='word_1_149' title='bbox 906 1729 1109 1789; x_wconf 87' lang='lat' dir='ltr'><strong>matris</strong></span> <span class='ocrx_word' id='word_1_150' title='bbox 1142 1727 1507 1790; x_wconf 84' lang='lat' dir='ltr'><strong>imbuantur.</strong></span> <span class='ocrx_word' id='word_1_151' title='bbox 1548 1732 1670 1788; x_wconf 93' lang='lat' dir='ltr'><strong>Hoc</strong></span> <span class='ocrx_word' id='word_1_152' title='bbox 1694 1730 1913 1812; x_wconf 87' lang='lat' dir='ltr'><strong>quippe</strong></span> <span class='ocrx_word' id='word_1_153' title='bbox 1942 1733 2214 1813; x_wconf 91' lang='lat' dir='ltr'><strong>iniquum</strong></span> 
     </span>
     <span class='ocr_line' id='line_1_19' title="bbox 97 1824 2214 1907; baseline 0 -21"><span class='ocrx_word' id='word_1_154' title='bbox 97 1839 184 1887; x_wconf 89' lang='lat' dir='ltr'><strong>est</strong></span> <span class='ocrx_word' id='word_1_155' title='bbox 225 1838 283 1885; x_wconf 89' lang='lat' dir='ltr'><strong>et</strong></span> <span class='ocrx_word' id='word_1_156' title='bbox 319 1826 482 1885; x_wconf 88' lang='lat' dir='ltr'><strong>omni</strong></span> <span class='ocrx_word' id='word_1_157' title='bbox 507 1826 626 1904; x_wconf 89' lang='lat' dir='ltr'><strong>juri</strong></span> <span class='ocrx_word' id='word_1_158' title='bbox 652 1825 1031 1884; x_wconf 82' lang='lat' dir='ltr'><strong>contrarium.</strong></span> <span class='ocrx_word' id='word_1_159' title='bbox 1072 1825 1197 1881; x_wconf 90' lang='lat' dir='ltr'><strong>Imo</strong></span> <span class='ocrx_word' id='word_1_160' title='bbox 1231 1843 1307 1881; x_wconf 90' lang='lat' dir='ltr'><strong>ne</strong></span> <span class='ocrx_word' id='word_1_161' title='bbox 1338 1825 1536 1904; x_wconf 89' lang='lat' dir='ltr'><strong>sponsi</strong></span> <span class='ocrx_word' id='word_1_162' title='bbox 1567 1824 1805 1905; x_wconf 91' lang='lat' dir='ltr'><strong>quidem</strong></span> <span class='ocrx_word' id='word_1_163' title='bbox 1832 1825 1942 1907; x_wconf 91' lang='lat' dir='ltr'><strong>ipsi</strong></span> <span class='ocrx_word' id='word_1_164' title='bbox 1974 1838 2214 1907; x_wconf 84' lang='lat' dir='ltr'><strong>pactum</strong></span> 
     </span>
     <span class='ocr_line' id='line_1_20' title="bbox 97 1917 2216 2000; baseline 0 -19"><span class='ocrx_word' id='word_1_165' title='bbox 97 1921 430 2000; x_wconf 90' lang='lat' dir='ltr'><strong>hujusmodi</strong></span> <span class='ocrx_word' id='word_1_166' title='bbox 475 1922 625 1980; x_wconf 89' lang='lat' dir='ltr'><strong>inire</strong></span> <span class='ocrx_word' id='word_1_167' title='bbox 668 1921 825 1979; x_wconf 89' lang='lat' dir='ltr'><strong>inter</strong></span> <span class='ocrx_word' id='word_1_168' title='bbox 873 1940 934 1978; x_wconf 91' lang='lat' dir='ltr'><strong>se</strong></span> <span class='ocrx_word' id='word_1_169' title='bbox 977 1917 1132 1979; x_wconf 87' lang='lat' dir='ltr'><strong>licite</strong></span> <span class='ocrx_word' id='word_1_170' title='bbox 1180 1928 1445 1998; x_wconf 87' lang='lat' dir='ltr'><strong>possunt.</strong></span> <span class='ocrx_word' id='word_1_171' title='bbox 1501 1919 1735 1979; x_wconf 90' lang='lat' dir='ltr'><strong>Utervis</strong></span> <span class='ocrx_word' id='word_1_172' title='bbox 1782 1920 1941 1978; x_wconf 91' lang='lat' dir='ltr'><strong>enim</strong></span> <span class='ocrx_word' id='word_1_173' title='bbox 1979 1919 2216 1983; x_wconf 90' lang='lat' dir='ltr'><strong>illorum</strong></span> 
     </span>
     <span class='ocr_line' id='line_1_21' title="bbox 98 2013 2214 2094; baseline 0.001 -18"><span class='ocrx_word' id='word_1_174' title='bbox 98 2018 365 2078; x_wconf 81' lang='lat' dir='ltr'><strong>haeresim</strong></span> <span class='ocrx_word' id='word_1_175' title='bbox 405 2029 666 2088; x_wconf 71' lang='lat' dir='ltr'><strong>sectam,</strong></span> <span class='ocrx_word' id='word_1_176' title='bbox 708 2026 809 2074; x_wconf 91' lang='lat' dir='ltr'><strong>aut</strong></span> <span class='ocrx_word' id='word_1_177' title='bbox 851 2013 1002 2074; x_wconf 80' lang='lat' dir='ltr'><strong>lianc</strong></span> <span class='ocrx_word' id='word_1_178' title='bbox 1050 2034 1251 2074; x_wconf 88' lang='lat' dir='ltr'><strong>veram</strong></span> <span class='ocrx_word' id='word_1_179' title='bbox 1303 2034 1426 2072; x_wconf 91' lang='lat' dir='ltr'><strong>esse</strong></span> <span class='ocrx_word' id='word_1_180' title='bbox 1466 2025 1567 2072; x_wconf 88' lang='lat' dir='ltr'><strong>aut</strong></span> <span class='ocrx_word' id='word_1_181' title='bbox 1620 2014 1825 2074; x_wconf 88' lang='lat' dir='ltr'><strong>falsam</strong></span> <span class='ocrx_word' id='word_1_182' title='bbox 1865 2017 2109 2094; x_wconf 85' lang='lat' dir='ltr'><strong>judicat.</strong></span> <span class='ocrx_word' id='word_1_183' title='bbox 2156 2020 2214 2078; x_wconf 92' lang='lat' dir='ltr'><strong>Si</strong></span> 
     </span>
     <span class='ocr_line' id='line_1_22' title="bbox 102 2107 2214 2192; baseline 0 -19"><span class='ocrx_word' id='word_1_184' title='bbox 102 2134 298 2173; x_wconf 89' lang='lat' dir='ltr'><strong>veram</strong></span> <span class='ocrx_word' id='word_1_185' title='bbox 324 2157 340 2188; x_wconf 78' lang='lat'>‚</span> <span class='ocrx_word' id='word_1_186' title='bbox 377 2135 481 2173; x_wconf 91' lang='lat' dir='ltr'><strong>cur</strong></span> <span class='ocrx_word' id='word_1_187' title='bbox 513 2111 709 2172; x_wconf 89' lang='lat' dir='ltr'><strong>liberis</strong></span> <span class='ocrx_word' id='word_1_188' title='bbox 743 2110 859 2180; x_wconf 85' lang='lat' dir='ltr'><strong>suis</strong></span> <span class='ocrx_word' id='word_1_189' title='bbox 882 2109 1026 2192; x_wconf 86' lang='lat' dir='ltr'><strong>adeo</strong></span> <span class='ocrx_word' id='word_1_190' title='bbox 1058 2109 1134 2169; x_wconf 91' lang='lat' dir='ltr'><strong>sit</strong></span> <span class='ocrx_word' id='word_1_191' title='bbox 1156 2107 1425 2167; x_wconf 87' lang='lat' dir='ltr'><strong>inimicus</strong></span> <span class='ocrx_word' id='word_1_192' title='bbox 1445 2154 1462 2184; x_wconf 71' lang='lat'>,</span> <span class='ocrx_word' id='word_1_193' title='bbox 1505 2121 1572 2168; x_wconf 93' lang='lat' dir='ltr'><strong>ut</strong></span> <span class='ocrx_word' id='word_1_194' title='bbox 1595 2110 1799 2170; x_wconf 90' lang='lat' dir='ltr'><strong>eadem</strong></span> <span class='ocrx_word' id='word_1_195' title='bbox 1828 2110 2035 2172; x_wconf 87' lang='lat' dir='ltr'><strong>haeresi</strong></span> <span class='ocrx_word' id='word_1_196' title='bbox 2064 2113 2214 2173; x_wconf 91' lang='lat' dir='ltr'><strong>nolit</strong></span> 
     </span>
    </p>
   </div>
   <div class='ocr_carea' id='block_1_4' title="bbox 101 2323 1119 2801">
    <p class='ocr_par' dir='ltr' id='par_1_6' title="bbox 101 2323 1119 2801">
     <span class='ocr_line' id='line_1_23' title="bbox 170 2323 1109 2392; baseline -0.001 -18"><span class='ocrx_word' id='word_1_197' title='bbox 170 2329 236 2391; x_wconf 84' lang='lat' dir='ltr'><strong>(l)</strong></span> <span class='ocrx_word' id='word_1_198' title='bbox 273 2327 371 2375; x_wconf 76' lang='lat' dir='ltr'><strong>cfr.</strong></span> <span class='ocrx_word' id='word_1_199' title='bbox 408 2344 509 2392; x_wconf 78' lang='lat' dir='ltr'><strong>quoe</strong></span> <span class='ocrx_word' id='word_1_200' title='bbox 544 2328 756 2391; x_wconf 86' lang='lat' dir='ltr'><strong>superius</strong></span> <span class='ocrx_word' id='word_1_201' title='bbox 794 2342 847 2374; x_wconf 84' lang='lat' dir='ltr'><strong>ex</strong></span> <span class='ocrx_word' id='word_1_202' title='bbox 891 2323 1109 2390; x_wconf 82' lang='lat' dir='ltr'><strong>Archiep.</strong></span> 
     </span>
     <span class='ocr_line' id='line_1_24' title="bbox 101 2408 1113 2471; baseline -0.004 -13"><span class='ocrx_word' id='word_1_203' title='bbox 101 2411 423 2458; x_wconf 85' lang='lat' dir='ltr'><strong>Posnaniensis</strong></span> <span class='ocrx_word' id='word_1_204' title='bbox 460 2410 621 2457; x_wconf 81' lang='lat' dir='ltr'><strong>litteris</strong></span> <span class='ocrx_word' id='word_1_205' title='bbox 650 2410 710 2456; x_wconf 83' lang='lat' dir='ltr'><strong>ad</strong></span> <span class='ocrx_word' id='word_1_206' title='bbox 745 2408 915 2471; x_wconf 83' lang='lat' dir='ltr'><strong>Regem</strong></span> <span class='ocrx_word' id='word_1_207' title='bbox 941 2408 1113 2455; x_wconf 83' lang='lat' dir='ltr'><strong>Borus-</strong></span> 
     </span>
     <span class='ocr_line' id='line_1_25' title="bbox 106 2488 1117 2542; baseline -0.006 0"><span class='ocrx_word' id='word_1_208' title='bbox 106 2493 184 2542; x_wconf 80' lang='lat' dir='ltr'><strong>siae</strong></span> <span class='ocrx_word' id='word_1_209' title='bbox 213 2493 332 2540; x_wconf 87' lang='lat' dir='ltr'><strong>datis</strong></span> <span class='ocrx_word' id='word_1_210' title='bbox 366 2491 661 2540; x_wconf 84' lang='lat' dir='ltr'><strong>adduximus.</strong></span> <span class='ocrx_word' id='word_1_211' title='bbox 700 2489 795 2538; x_wconf 87' lang='lat' dir='ltr'><strong>Illis</strong></span> <span class='ocrx_word' id='word_1_212' title='bbox 837 2507 945 2538; x_wconf 84' lang='lat' dir='ltr'><strong>vero</strong></span> <span class='ocrx_word' id='word_1_213' title='bbox 990 2488 1117 2537; x_wconf 83' lang='lat' dir='ltr'><strong>aliud</strong></span> 
     </span>
     <span class='ocr_line' id='line_1_26' title="bbox 103 2569 1115 2642; baseline -0.005 -19"><span class='ocrx_word' id='word_1_214' title='bbox 103 2574 310 2642; x_wconf 89' lang='lat' dir='ltr'><strong>ejusdem</strong></span> <span class='ocrx_word' id='word_1_215' title='bbox 326 2575 640 2621; x_wconf 83' lang='lat' dir='ltr'><strong>testimonium</strong></span> <span class='ocrx_word' id='word_1_216' title='bbox 660 2569 1115 2626; x_wconf 77' lang='lat' dir='ltr'><strong>subnectimus-Cum</strong></span> 
     </span>
     <span class='ocr_line' id='line_1_27' title="bbox 103 2651 1119 2718; baseline -0.004 -13"><span class='ocrx_word' id='word_1_217' title='bbox 103 2658 228 2705; x_wconf 88' lang='lat' dir='ltr'><strong>enim</strong></span> <span class='ocrx_word' id='word_1_218' title='bbox 250 2673 309 2705; x_wconf 84' lang='lat' dir='ltr'><strong>ex</strong></span> <span class='ocrx_word' id='word_1_219' title='bbox 337 2657 572 2704; x_wconf 82' lang='lat' dir='ltr'><strong>occasione</strong></span> <span class='ocrx_word' id='word_1_220' title='bbox 599 2655 931 2702; x_wconf 84' lang='lat' dir='ltr'><strong>allocutionisa</strong></span> <span class='ocrx_word' id='word_1_221' title='bbox 948 2651 1119 2718; x_wconf 85' lang='lat' dir='ltr'><strong>Grego-</strong></span> 
     </span>
     <span class='ocr_line' id='line_1_28' title="bbox 106 2733 1119 2801; baseline -0.002 -16"><span class='ocrx_word' id='word_1_222' title='bbox 106 2737 177 2786; x_wconf 88' lang='lat' dir='ltr'><strong>rio</strong></span> <span class='ocrx_word' id='word_1_223' title='bbox 195 2755 270 2785; x_wconf 70' lang='grc' dir='ltr'><strong>ιν]</strong></span> <span class='ocrx_word' id='word_1_224' title='bbox 299 2737 468 2785; x_wconf 77' lang='lat' dir='ltr'><strong>habitae</strong></span> <span class='ocrx_word' id='word_1_225' title='bbox 481 2737 556 2785; x_wconf 89' lang='lat' dir='ltr'><strong>die</strong></span> <span class='ocrx_word' id='word_1_226' title='bbox 581 2733 896 2801; x_wconf 87' lang='lat' dir='ltr'><strong>15superioris</strong></span> <span class='ocrx_word' id='word_1_227' title='bbox 909 2734 1119 2801; x_wconf 45' lang='lat' dir='ltr'><strong>Septem*-</strong></span> 
     </span>
    </p>
   </div>
   <div class='ocr_carea' id='block_1_5' title="bbox 9 2817 1117 2885">
    <p class='ocr_par' dir='ltr' id='par_1_7' title="bbox 9 2817 1117 2885">
     <span class='ocr_line' id='line_1_29' title="bbox 9 2817 1117 2885; baseline -0.001 -17"><span class='ocrx_word' id='word_1_228' title='bbox 9 2831 19 2844; x_wconf 82' lang='lat'>&#39;</span> <span class='ocrx_word' id='word_1_229' title='bbox 103 2820 197 2868; x_wconf 85' lang='lat' dir='ltr'><strong>bris</strong></span> <span class='ocrx_word' id='word_1_230' title='bbox 214 2817 410 2882; x_wconf 83' lang='lat'>(1838),</span> <span class='ocrx_word' id='word_1_231' title='bbox 430 2837 521 2884; x_wconf 88' lang='lat' dir='ltr'><strong>qua</strong></span> <span class='ocrx_word' id='word_1_232' title='bbox 537 2820 625 2867; x_wconf 85' lang='lat' dir='ltr'><strong>viri</strong></span> <span class='ocrx_word' id='word_1_233' title='bbox 646 2819 863 2867; x_wconf 83' lang='lat' dir='ltr'><strong>fortitudo</strong></span> <span class='ocrx_word' id='word_1_234' title='bbox 883 2824 932 2867; x_wconf 87' lang='lat' dir='ltr'><strong>et</strong></span> <span class='ocrx_word' id='word_1_235' title='bbox 954 2818 1117 2885; x_wconf 82' lang='lat' dir='ltr'><strong>agendi</strong></span> 
     </span>
    </p>
   </div>
   <div class='ocr_carea' id='block_1_6' title="bbox 103 2899 1123 3698">
    <p class='ocr_par' dir='ltr' id='par_1_8' title="bbox 103 2899 1123 3698">
     <span class='ocr_line' id='line_1_30' title="bbox 106 2899 1117 2966; baseline 0 -19"><span class='ocrx_word' id='word_1_236' title='bbox 106 2903 220 2948; x_wconf 85' lang='lat' dir='ltr'><strong>ratio</strong></span> <span class='ocrx_word' id='word_1_237' title='bbox 253 2901 572 2950; x_wconf 87' lang='lat' dir='ltr'><strong>commendata</strong></span> <span class='ocrx_word' id='word_1_238' title='bbox 609 2901 759 2949; x_wconf 81' lang='lat' dir='ltr'><strong>fuerat</strong></span> <span class='ocrx_word' id='word_1_239' title='bbox 781 2936 798 2962; x_wconf 90' lang='lat'><em>‚</em></span> <span class='ocrx_word' id='word_1_240' title='bbox 830 2899 1117 2966; x_wconf 76' lang='lat' dir='ltr'><strong>Ephemeri-</strong></span> 
     </span>
     <span class='ocr_line' id='line_1_31' title="bbox 105 2979 1119 3045; baseline 0 -15"><span class='ocrx_word' id='word_1_241' title='bbox 105 2982 185 3030; x_wconf 80' lang='lat' dir='ltr'><strong>des</strong></span> <span class='ocrx_word' id='word_1_242' title='bbox 211 2983 350 3045; x_wconf 74' lang='lat' dir='ltr'><strong>requi</strong></span> <span class='ocrx_word' id='word_1_243' title='bbox 365 2984 621 3031; x_wconf 66' lang='lat' dir='ltr'><strong>Bora-ssim*</strong></span> <span class='ocrx_word' id='word_1_244' title='bbox 639 2985 959 3032; x_wconf 66' lang='lat' dir='ltr'><strong>inconstantiae</strong></span> <span class='ocrx_word' id='word_1_245' title='bbox 981 2979 1119 3031; x_wconf 87' lang='lat' dir='ltr'><strong>illum</strong></span> 
     </span>
     <span class='ocr_line' id='line_1_32' title="bbox 108 3063 1120 3132; baseline 0.002 -20"><span class='ocrx_word' id='word_1_246' title='bbox 108 3072 428 3122; x_wconf 81' lang='lat' dir='ltr'><strong>accusassent,</strong></span> <span class='ocrx_word' id='word_1_247' title='bbox 462 3063 526 3112; x_wconf 86' lang='lat' dir='ltr'><strong>ita</strong></span> <span class='ocrx_word' id='word_1_248' title='bbox 554 3063 704 3112; x_wconf 85' lang='lat' dir='ltr'><strong>Rmus</strong></span> <span class='ocrx_word' id='word_1_249' title='bbox 737 3063 1120 3132; x_wconf 82' lang='lat' dir='ltr'><strong>Archiepiscopus</strong></span> 
     </span>
     <span class='ocr_line' id='line_1_33' title="bbox 107 3146 1121 3211; baseline 0.005 -19"><span class='ocrx_word' id='word_1_250' title='bbox 107 3147 159 3192; x_wconf 89' lang='lat' dir='ltr'><strong>in</strong></span> <span class='ocrx_word' id='word_1_251' title='bbox 191 3162 275 3193; x_wconf 85' lang='lat' dir='ltr'><strong>sua</strong></span> <span class='ocrx_word' id='word_1_252' title='bbox 311 3147 604 3210; x_wconf 73' lang='lat' dir='ltr'><strong>responsione</strong></span> <span class='ocrx_word' id='word_1_253' title='bbox 636 3147 897 3211; x_wconf 80' lang='lat' dir='ltr'><strong>impositam</strong></span> <span class='ocrx_word' id='word_1_254' title='bbox 922 3146 1010 3195; x_wconf 88' lang='lat' dir='ltr'><strong>sibi</strong></span> <span class='ocrx_word' id='word_1_255' title='bbox 1044 3165 1121 3197; x_wconf 83' lang='lat' dir='ltr'><strong>ea-</strong></span> 
     </span>
     <span class='ocr_line' id='line_1_34' title="bbox 110 3226 1120 3278; baseline 0 -2"><span class='ocrx_word' id='word_1_256' title='bbox 110 3228 339 3276; x_wconf 86' lang='lat' dir='ltr'><strong>lumniam</strong></span> <span class='ocrx_word' id='word_1_257' title='bbox 362 3245 388 3275; x_wconf 85' lang='lat' dir='ltr'><strong>a</strong></span> <span class='ocrx_word' id='word_1_258' title='bbox 416 3245 463 3276; x_wconf 88' lang='lat' dir='ltr'><strong>se</strong></span> <span class='ocrx_word' id='word_1_259' title='bbox 483 3230 679 3277; x_wconf 86' lang='lat' dir='ltr'><strong>removit</strong></span> <span class='ocrx_word' id='word_1_260' title='bbox 704 3245 719 3276; x_wconf 71' lang='grc' dir='ltr'><strong>ε</strong></span> <span class='ocrx_word' id='word_1_261' title='bbox 753 3226 838 3276; x_wconf 74' lang='lat' dir='ltr'><strong>On</strong></span> <span class='ocrx_word' id='word_1_262' title='bbox 857 3243 917 3276; x_wconf 77' lang='lat' dir='ltr'><strong>ne</strong></span> <span class='ocrx_word' id='word_1_263' title='bbox 933 3244 982 3276; x_wconf 71' lang='lat' dir='ltr'><strong>se</strong></span> <span class='ocrx_word' id='word_1_264' title='bbox 999 3228 1120 3278; x_wconf 72' lang='lat' dir='ltr'><strong>lasse</strong></span> 
     </span>
     <span class='ocr_line' id='line_1_35' title="bbox 103 3295 1120 3373; baseline 0.004 -18"><span class='ocrx_word' id='word_1_265' title='bbox 103 3323 198 3373; x_wconf 77' lang='lat' dir='ltr'><strong>pas</strong></span> <span class='ocrx_word' id='word_1_266' title='bbox 232 3307 288 3354; x_wconf 78' lang='lat' dir='ltr'><strong>de</strong></span> <span class='ocrx_word' id='word_1_267' title='bbox 299 3308 553 3372; x_wconf 70' lang='lat' dir='ltr'><strong>pretendre</strong></span> <span class='ocrx_word' id='word_1_268' title='bbox 580 3295 645 3359; x_wconf 58' lang='lat' dir='ltr'><strong>do.</strong></span> <span class='ocrx_word' id='word_1_269' title='bbox 666 3325 885 3358; x_wconf 77' lang='lat' dir='ltr'><strong>nouveau</strong></span> <span class='ocrx_word' id='word_1_270' title='bbox 906 3325 995 3373; x_wconf 78' lang='lat' dir='ltr'><strong>que</strong></span> <span class='ocrx_word' id='word_1_271' title='bbox 1015 3318 1120 3362; x_wconf 76' lang='lat' dir='ltr'><strong>tous</strong></span> 
     </span>
     <span class='ocr_line' id='line_1_36' title="bbox 113 3388 1121 3454; baseline 0.006 -19"><span class='ocrx_word' id='word_1_272' title='bbox 113 3388 179 3436; x_wconf 74' lang='lat' dir='ltr'><strong>les</strong></span> <span class='ocrx_word' id='word_1_273' title='bbox 195 3390 378 3454; x_wconf 66' lang='lat' dir='ltr'><strong>pretres</strong></span> <span class='ocrx_word' id='word_1_274' title='bbox 408 3389 466 3439; x_wconf 80' lang='lat' dir='ltr'><strong>de</strong></span> <span class='ocrx_word' id='word_1_275' title='bbox 491 3406 602 3438; x_wconf 76' lang='lat' dir='ltr'><strong>mon</strong></span> <span class='ocrx_word' id='word_1_276' title='bbox 628 3390 809 3439; x_wconf 70' lang='lat' dir='ltr'><strong>diocese</strong></span> <span class='ocrx_word' id='word_1_277' title='bbox 825 3391 1121 3443; x_wconf 71' lang='lat' dir='ltr'><strong>benissaient</strong></span> 
     </span>
     <span class='ocr_line' id='line_1_37' title="bbox 115 3469 1120 3538; baseline 0.008 -22"><span class='ocrx_word' id='word_1_278' title='bbox 115 3469 179 3517; x_wconf 72' lang='lat' dir='ltr'><strong>les</strong></span> <span class='ocrx_word' id='word_1_279' title='bbox 207 3472 445 3535; x_wconf 77' lang='lat' dir='ltr'><strong>mariaqes</strong></span> <span class='ocrx_word' id='word_1_280' title='bbox 478 3473 651 3520; x_wconf 71' lang='lat' dir='ltr'><strong>mixtos</strong></span> <span class='ocrx_word' id='word_1_281' title='bbox 689 3489 802 3525; x_wconf 73' lang='lat' dir='ltr'><strong>sans</strong></span> <span class='ocrx_word' id='word_1_282' title='bbox 837 3476 1000 3538; x_wconf 67' lang='lat' dir='ltr'><strong>exiqer</strong></span> <span class='ocrx_word' id='word_1_283' title='bbox 1027 3491 1120 3524; x_wconf 77' lang='lat' dir='ltr'><strong>une</strong></span> 
     </span>
     <span class='ocr_line' id='line_1_38' title="bbox 107 3552 1123 3623; baseline 0.009 -25"><span class='ocrx_word' id='word_1_284' title='bbox 107 3567 347 3617; x_wconf 76' lang='lat' dir='ltr'><strong>promesse</strong></span> <span class='ocrx_word' id='word_1_285' title='bbox 385 3552 659 3619; x_wconf 74' lang='lat' dir='ltr'><strong>prealable3</strong></span> <span class='ocrx_word' id='word_1_286' title='bbox 698 3558 900 3623; x_wconf 76' lang='lat' dir='ltr'><strong>quoique</strong></span> <span class='ocrx_word' id='word_1_287' title='bbox 926 3559 1037 3623; x_wconf 70' lang='lat' dir='ltr'><strong>pree</strong></span> <span class='ocrx_word' id='word_1_288' title='bbox 1063 3558 1123 3607; x_wconf 84' lang='lat' dir='ltr'><strong>de</strong></span> 
     </span>
     <span class='ocr_line' id='line_1_39' title="bbox 117 3632 1123 3698; baseline 0.009 -18"><span class='ocrx_word' id='word_1_289' title='bbox 117 3632 241 3681; x_wconf 85' lang='lat' dir='ltr'><strong>mille</strong></span> <span class='ocrx_word' id='word_1_290' title='bbox 263 3633 385 3698; x_wconf 71' lang='lat' dir='ltr'><strong>faite</strong></span> <span class='ocrx_word' id='word_1_291' title='bbox 418 3635 651 3686; x_wconf 69' lang='lat' dir='ltr'><strong>recueillis</strong></span> <span class='ocrx_word' id='word_1_292' title='bbox 687 3638 720 3687; x_wconf 82' lang='grc' dir='ltr'><em>ὰ</em></span> <span class='ocrx_word' id='word_1_293' title='bbox 758 3638 806 3687; x_wconf 82' lang='lat' dir='ltr'><strong>la</strong></span> <span class='ocrx_word' id='word_1_294' title='bbox 851 3638 959 3690; x_wconf 68' lang='lat' dir='ltr'><strong>luite</strong></span> <span class='ocrx_word' id='word_1_295' title='bbox 999 3640 1123 3691; x_wconf 77' lang='lat' dir='ltr'><strong>daus</strong></span> 
     </span>
    </p>
   </div>
   <div class='ocr_carea' id='block_1_7' title="bbox 1193 2323 2222 3627">
    <p class='ocr_par' dir='ltr' id='par_1_9' title="bbox 1193 2323 2222 3627">
     <span class='ocr_line' id='line_1_40' title="bbox 1201 2323 2217 2398; baseline 0.012 -27"><span class='ocrx_word' id='word_1_296' title='bbox 1201 2323 1267 2371; x_wconf 72' lang='lat' dir='ltr'><strong>les</strong></span> <span class='ocrx_word' id='word_1_297' title='bbox 1289 2326 1505 2390; x_wconf 77' lang='lat' dir='ltr'><strong>reqistres</strong></span> <span class='ocrx_word' id='word_1_298' title='bbox 1536 2327 1594 2374; x_wconf 81' lang='lat' dir='ltr'><strong>de</strong></span> <span class='ocrx_word' id='word_1_299' title='bbox 1625 2327 1802 2392; x_wconf 74' lang='lat' dir='ltr'><strong>l&#39;eqlise</strong></span> <span class='ocrx_word' id='word_1_300' title='bbox 1825 2368 1838 2389; x_wconf 90' lang='lat'><strong>,</strong></span> <span class='ocrx_word' id='word_1_301' title='bbox 1883 2339 1927 2379; x_wconf 78' lang='lat' dir='ltr'><strong>et</strong></span> <span class='ocrx_word' id='word_1_302' title='bbox 1956 2349 2026 2380; x_wconf 79' lang='lat' dir='ltr'><strong>un</strong></span> <span class='ocrx_word' id='word_1_303' title='bbox 2053 2335 2217 2398; x_wconf 79' lang='lat' dir='ltr'><strong>qrand</strong></span> 
     </span>
     <span class='ocr_line' id='line_1_41' title="bbox 1202 2406 2219 2479; baseline 0.012 -27"><span class='ocrx_word' id='word_1_304' title='bbox 1202 2406 1396 2453; x_wconf 72' lang='lat' dir='ltr'><strong>nombre</strong></span> <span class='ocrx_word' id='word_1_305' title='bbox 1434 2407 1491 2455; x_wconf 82' lang='lat' dir='ltr'><strong>de</strong></span> <span class='ocrx_word' id='word_1_306' title='bbox 1515 2417 1895 2475; x_wconf 78' lang='lat' dir='ltr'><strong>contre-preuves</strong></span> <span class='ocrx_word' id='word_1_307' title='bbox 1921 2419 2143 2479; x_wconf 74' lang='lat' dir='ltr'><strong>envoyees</strong></span> <span class='ocrx_word' id='word_1_308' title='bbox 2187 2416 2219 2464; x_wconf 84' lang='grc' dir='ltr'>ὰ</span> 
     </span>
     <span class='ocr_line' id='line_1_42' title="bbox 1204 2485 2218 2559; baseline 0.012 -25"><span class='ocrx_word' id='word_1_309' title='bbox 1204 2485 1414 2536; x_wconf 73' lang='lat' dir='ltr'><strong>diverses</strong></span> <span class='ocrx_word' id='word_1_310' title='bbox 1438 2491 1641 2555; x_wconf 64' lang='lat' dir='ltr'><strong>repo-ines</strong></span> <span class='ocrx_word' id='word_1_311' title='bbox 1675 2501 1721 2540; x_wconf 78' lang='lat' dir='ltr'><strong>et</strong></span> <span class='ocrx_word' id='word_1_312' title='bbox 1751 2492 1966 2559; x_wconf 72' lang='lat' dir='ltr'><strong>toujours</strong></span> <span class='ocrx_word' id='word_1_313' title='bbox 2004 2495 2062 2544; x_wconf 82' lang='lat' dir='ltr'><strong>de</strong></span> <span class='ocrx_word' id='word_1_314' title='bbox 2094 2513 2218 2545; x_wconf 76' lang='lat' dir='ltr'><strong>nou-</strong></span> 
     </span>
     <span class='ocr_line' id='line_1_43' title="bbox 1205 2569 2220 2629; baseline 0.013 -13"><span class='ocrx_word' id='word_1_315' title='bbox 1205 2586 1326 2617; x_wconf 79' lang='lat' dir='ltr'><strong>veau</strong></span> <span class='ocrx_word' id='word_1_316' title='bbox 1346 2571 1377 2619; x_wconf 83' lang='grc' dir='ltr'>ὰ</span> <span class='ocrx_word' id='word_1_317' title='bbox 1392 2569 1494 2620; x_wconf 80' lang='lat' dir='ltr'><strong>Son</strong></span> <span class='ocrx_word' id='word_1_318' title='bbox 1514 2572 1564 2620; x_wconf 90' lang='lat' dir='ltr'><em>E</em></span> <span class='ocrx_word' id='word_1_319' title='bbox 1565 2573 1847 2624; x_wconf 68' lang='lat' dir='ltr'><strong>xcellencele</strong></span> <span class='ocrx_word' id='word_1_320' title='bbox 1859 2577 2079 2627; x_wconf 72' lang='lat' dir='ltr'><strong>ministre</strong></span> <span class='ocrx_word' id='word_1_321' title='bbox 2105 2578 2161 2626; x_wconf 93' lang='lat' dir='ltr'><em>V</em></span> <span class='ocrx_word' id='word_1_322' title='bbox 2157 2596 2220 2629; x_wconf 72' lang='lat' dir='ltr'><strong>on</strong></span> 
     </span>
     <span class='ocr_line' id='line_1_44' title="bbox 1205 2652 2219 2725; baseline 0.011 -24"><span class='ocrx_word' id='word_1_323' title='bbox 1205 2652 1256 2701; x_wconf 90' lang='lat' dir='ltr'><em>A</em></span> <span class='ocrx_word' id='word_1_324' title='bbox 1262 2653 1658 2715; x_wconf 72' lang='lat' dir='ltr'><strong>ltenstein‚soiene</strong></span> <span class='ocrx_word' id='word_1_325' title='bbox 1670 2674 2036 2725; x_wconf 74' lang='lat' dir='ltr'><strong>venusprouver</strong></span> <span class='ocrx_word' id='word_1_326' title='bbox 2049 2661 2089 2710; x_wconf 84' lang='lat' dir='ltr'><strong>le</strong></span> <span class='ocrx_word' id='word_1_327' title='bbox 2104 2679 2219 2711; x_wconf 78' lang='lat' dir='ltr'><strong>con-</strong></span> 
     </span>
     <span class='ocr_line' id='line_1_45' title="bbox 1206 2736 2220 2810; baseline 0.009 -27"><span class='ocrx_word' id='word_1_328' title='bbox 1206 2737 1376 2794; x_wconf 81' lang='lat' dir='ltr'><strong>traire,·</strong></span> <span class='ocrx_word' id='word_1_329' title='bbox 1398 2736 1507 2785; x_wconf 74' lang='lat' dir='ltr'><strong>bien</strong></span> <span class='ocrx_word' id='word_1_330' title='bbox 1519 2755 1608 2802; x_wconf 81' lang='lat' dir='ltr'><strong>que</strong></span> <span class='ocrx_word' id='word_1_331' title='bbox 1626 2738 1667 2786; x_wconf 87' lang='lat' dir='ltr'><strong>le</strong></span> <span class='ocrx_word' id='word_1_332' title='bbox 1687 2753 2055 2804; x_wconf 74' lang='lat' dir='ltr'><strong>qouvernement</strong></span> <span class='ocrx_word' id='word_1_333' title='bbox 2068 2745 2220 2810; x_wconf 79' lang='lat' dir='ltr'><strong>royal,</strong></span> 
     </span>
     <span class='ocr_line' id='line_1_46' title="bbox 1205 2818 2216 2891; baseline 0.01 -26"><span class='ocrx_word' id='word_1_334' title='bbox 1205 2834 1265 2865; x_wconf 77' lang='lat' dir='ltr'><strong>en</strong></span> <span class='ocrx_word' id='word_1_335' title='bbox 1281 2818 1396 2882; x_wconf 81' lang='lat' dir='ltr'><strong>fait,</strong></span> <span class='ocrx_word' id='word_1_336' title='bbox 1425 2835 1487 2868; x_wconf 70' lang='lat' dir='ltr'><strong>ne</strong></span> <span class='ocrx_word' id='word_1_337' title='bbox 1509 2821 1678 2869; x_wconf 79' lang='lat' dir='ltr'><strong>semble</strong></span> <span class='ocrx_word' id='word_1_338' title='bbox 1687 2839 1781 2887; x_wconf 76' lang='lat' dir='ltr'><strong>pas</strong></span> <span class='ocrx_word' id='word_1_339' title='bbox 1796 2823 1860 2871; x_wconf 78' lang='lat' dir='ltr'><strong>les</strong></span> <span class='ocrx_word' id='word_1_340' title='bbox 1876 2827 2015 2874; x_wconf 80' lang='lat' dir='ltr'><strong>avoir</strong></span> <span class='ocrx_word' id='word_1_341' title='bbox 2036 2831 2216 2891; x_wconf 72' lang='lat' dir='ltr'><strong>aqrees,</strong></span> 
     </span>
     <span class='ocr_line' id='line_1_47' title="bbox 1205 2901 2219 2976; baseline 0.011 -28"><span class='ocrx_word' id='word_1_342' title='bbox 1205 2917 1383 2949; x_wconf 86' lang='lat' dir='ltr'><strong>comme</strong></span> <span class='ocrx_word' id='word_1_343' title='bbox 1423 2901 1464 2951; x_wconf 88' lang='lat' dir='ltr'><strong>le</strong></span> <span class='ocrx_word' id='word_1_344' title='bbox 1494 2921 1679 2969; x_wconf 82' lang='lat' dir='ltr'><strong>prouve</strong></span> <span class='ocrx_word' id='word_1_345' title='bbox 1711 2904 1752 2953; x_wconf 92' lang='lat' dir='ltr'><strong>le</strong></span> <span class='ocrx_word' id='word_1_346' title='bbox 1795 2907 2046 2957; x_wconf 73' lang='lat' dir='ltr'><strong>document</strong></span> <span class='ocrx_word' id='word_1_347' title='bbox 2065 2911 2219 2976; x_wconf 72' lang='lat' dir='ltr'><strong>(pieee</strong></span> 
     </span>
     <span class='ocr_line' id='line_1_48' title="bbox 1193 2983 2219 3056; baseline 0.012 -27"><span class='ocrx_word' id='word_1_348' title='bbox 1193 2983 1514 3048; x_wconf 59' lang='lat' dir='ltr'><strong>justificatione</strong></span> <span class='ocrx_word' id='word_1_349' title='bbox 1542 2985 1623 3050; x_wconf 88' lang='lat' dir='ltr'><strong>A)</strong></span> <span class='ocrx_word' id='word_1_350' title='bbox 1651 2989 1737 3051; x_wconf 79' lang='lat' dir='ltr'><strong>qui</strong></span> <span class='ocrx_word' id='word_1_351' title='bbox 1771 2986 1876 3037; x_wconf 72' lang='lat' dir='ltr'><strong>e’en</strong></span> <span class='ocrx_word' id='word_1_352' title='bbox 1896 3000 2116 3056; x_wconf 80' lang='lat' dir='ltr'><strong>rapporte</strong></span> <span class='ocrx_word' id='word_1_353' title='bbox 2142 3009 2219 3041; x_wconf 65' lang='lat' dir='ltr'><strong>eav-</strong></span> 
     </span>
     <span class='ocr_line' id='line_1_49' title="bbox 1201 3067 2221 3130; baseline 0.012 -20"><span class='ocrx_word' id='word_1_354' title='bbox 1201 3068 1496 3130; x_wconf 75' lang='lat' dir='ltr'><strong>pressement</strong></span> <span class='ocrx_word' id='word_1_355' title='bbox 1505 3067 1534 3114; x_wconf 85' lang='grc' dir='ltr'><em>ὰ</em></span> <span class='ocrx_word' id='word_1_356' title='bbox 1546 3083 1638 3115; x_wconf 74' lang='lat' dir='ltr'><strong>une</strong></span> <span class='ocrx_word' id='word_1_357' title='bbox 1653 3069 1871 3118; x_wconf 66' lang='lat' dir='ltr'><strong>decisivo»</strong></span> <span class='ocrx_word' id='word_1_358' title='bbox 1887 3072 2221 3123; x_wconf 62' lang='lat' dir='ltr'><strong>minister-idle</strong></span> 
     </span>
     <span class='ocr_line' id='line_1_50' title="bbox 1208 3145 2220 3214; baseline 0.011 -22"><span class='ocrx_word' id='word_1_359' title='bbox 1208 3146 1273 3193; x_wconf 76' lang='lat' dir='ltr'><strong>du</strong></span> <span class='ocrx_word' id='word_1_360' title='bbox 1290 3146 1353 3196; x_wconf 87' lang='lat'><strong>30</strong></span> <span class='ocrx_word' id='word_1_361' title='bbox 1368 3145 1479 3198; x_wconf 72' lang='lat' dir='ltr'><strong>Mai</strong></span> <span class='ocrx_word' id='word_1_362' title='bbox 1499 3149 1642 3214; x_wconf 81' lang='lat'><strong>1837.</strong></span> <span class='ocrx_word' id='word_1_363' title='bbox 1670 3150 1765 3199; x_wconf 81' lang='lat' dir='ltr'><strong>Csr.</strong></span> <span class='ocrx_word' id='word_1_364' title='bbox 1782 3151 1973 3201; x_wconf 66' lang='lat' dir='ltr'><strong>L&#39;Ami</strong></span> <span class='ocrx_word' id='word_1_365' title='bbox 1987 3153 2044 3202; x_wconf 77' lang='lat' dir='ltr'><strong>de</strong></span> <span class='ocrx_word' id='word_1_366' title='bbox 2056 3154 2109 3202; x_wconf 80' lang='lat' dir='ltr'><strong>la</strong></span> <span class='ocrx_word' id='word_1_367' title='bbox 2125 3155 2220 3203; x_wconf 67' lang='lat' dir='ltr'><strong>Re-</strong></span> 
     </span>
     <span class='ocr_line' id='line_1_51' title="bbox 1207 3227 2222 3302; baseline 0.012 -27"><span class='ocrx_word' id='word_1_368' title='bbox 1207 3227 1296 3293; x_wconf 74' lang='lat' dir='ltr'><strong>liq.</strong></span> <span class='ocrx_word' id='word_1_369' title='bbox 1331 3244 1389 3297; x_wconf 85' lang='lat'><strong>¹7</strong></span> <span class='ocrx_word' id='word_1_370' title='bbox 1425 3230 1560 3282; x_wconf 75' lang='lat' dir='ltr'><strong>Fevr.</strong></span> <span class='ocrx_word' id='word_1_371' title='bbox 1600 3231 1742 3300; x_wconf 79' lang='lat'><strong>1839.</strong></span> <span class='ocrx_word' id='word_1_372' title='bbox 1763 3234 1961 3284; x_wconf 83' lang='lat' dir='ltr'><strong>Fructus</strong></span> <span class='ocrx_word' id='word_1_373' title='bbox 1979 3240 2222 3302; x_wconf 74' lang='lat' dir='ltr'><strong>poi-roim-</strong></span> 
     </span>
     <span class='ocr_line' id='line_1_52' title="bbox 1208 3310 2222 3383; baseline 0.012 -26"><span class='ocrx_word' id='word_1_374' title='bbox 1208 3311 1384 3375; x_wconf 82' lang='lat' dir='ltr'><strong>pavidae</strong></span> <span class='ocrx_word' id='word_1_375' title='bbox 1406 3310 1547 3379; x_wconf 80' lang='lat' dir='ltr'><strong>hujus</strong></span> <span class='ocrx_word' id='word_1_376' title='bbox 1576 3314 1913 3381; x_wconf 78' lang='lat' dir='ltr'><strong>Archiepisoopi</strong></span> <span class='ocrx_word' id='word_1_377' title='bbox 1941 3318 2128 3383; x_wconf 82' lang='lat' dir='ltr'><strong>agendae</strong></span> <span class='ocrx_word' id='word_1_378' title='bbox 2143 3338 2222 3369; x_wconf 79' lang='lat' dir='ltr'><strong>ra-</strong></span> 
     </span>
     <span class='ocr_line' id='line_1_53' title="bbox 1209 3393 2222 3466; baseline 0.009 -25"><span class='ocrx_word' id='word_1_379' title='bbox 1209 3395 1349 3443; x_wconf 85' lang='lat' dir='ltr'><strong>tionis</strong></span> <span class='ocrx_word' id='word_1_380' title='bbox 1375 3393 1564 3444; x_wconf 85' lang='lat' dir='ltr'><strong>fuerunt</strong></span> <span class='ocrx_word' id='word_1_381' title='bbox 1587 3397 1772 3460; x_wconf 76' lang='lat' dir='ltr'><strong>publica</strong></span> <span class='ocrx_word' id='word_1_382' title='bbox 1787 3399 2001 3462; x_wconf 79' lang='lat' dir='ltr'><strong>vincula,</strong></span> <span class='ocrx_word' id='word_1_383' title='bbox 2032 3402 2095 3449; x_wconf 83' lang='lat' dir='ltr'><strong>ad</strong></span> <span class='ocrx_word' id='word_1_384' title='bbox 2115 3417 2222 3466; x_wconf 79' lang='lat' dir='ltr'><strong>quae</strong></span> 
     </span>
     <span class='ocr_line' id='line_1_54' title="bbox 1210 3477 2220 3544; baseline 0.005 -18"><span class='ocrx_word' id='word_1_385' title='bbox 1210 3480 1279 3526; x_wconf 88' lang='lat' dir='ltr'><strong>vir</strong></span> <span class='ocrx_word' id='word_1_386' title='bbox 1315 3481 1630 3544; x_wconf 81' lang='lat' dir='ltr'><strong>sexagenarius</strong></span> <span class='ocrx_word' id='word_1_387' title='bbox 1675 3479 1919 3529; x_wconf 83' lang='lat' dir='ltr'><strong>damnatus</strong></span> <span class='ocrx_word' id='word_1_388' title='bbox 1940 3477 2021 3531; x_wconf 78' lang='lat' dir='ltr'><strong>&#39;est</strong></span> <span class='ocrx_word' id='word_1_389' title='bbox 2058 3501 2084 3531; x_wconf 84' lang='lat' dir='ltr'><strong>a</strong></span> <span class='ocrx_word' id='word_1_390' title='bbox 2124 3480 2220 3531; x_wconf 78' lang='lat' dir='ltr'><strong>cle-</strong></span> 
     </span>
     <span class='ocr_line' id='line_1_55' title="bbox 1205 3560 2096 3627; baseline 0.004 -19"><span class='ocrx_word' id='word_1_391' title='bbox 1205 3561 1505 3609; x_wconf 72' lang='lat' dir='ltr'><strong>mentissimo</strong></span> <span class='ocrx_word' id='word_1_392' title='bbox 1539 3560 1774 3624; x_wconf 73' lang='lat' dir='ltr'><strong>reqimine</strong></span> <span class='ocrx_word' id='word_1_393' title='bbox 1809 3562 2096 3627; x_wconf 73' lang='lat' dir='ltr'><strong>evanqelieo.</strong></span> 
     </span>
    </p>
   </div>
  </div>
 </body>
</html>
