2612 4146
2062 180 2177 240 105

429 215 549 253 GAP.
596 215 654 251 ιι.
701 215 769 250 DE
812 213 1066 249 optumum
1111 209 1338 248 nummio
1381 209 1446 246 ar
1488 181 1807 244 niomium-E.

81 353 803 441 quissimaeinstitutionis7
851 373 1063 432 nempe
1100 349 1430 432 apostolicae
1452 394 1467 422 7
1512 359 1578 406 ut
1611 356 1774 428 patet
1805 366 1876 404 ex
1906 343 2179 425 Apostolo

80 452 154 511 ad
189 454 352 510 Rom.
386 451 512 508 XVI
536 494 552 521 7
591 449 620 505 1
645 493 660 520 7
713 459 770 506 et
816 469 885 506 ex
925 450 947 504 Ι
982 446 1056 504 ad
1095 446 1346 503 Timoth.
1390 445 1469 517 V7
1508 444 1579 517 9,
1618 463 1758 523 quas
1804 439 1926 521 ipse
1961 438 2180 496 Plinius

79 555 366 606 memorat
396 545 457 602 in
494 541 705 601 celebri
737 564 837 599 sua
875 540 947 599 ad
985 542 1298 618 Trajanum
1326 537 1567 618 epistola
1592 582 1607 610 7
1639 536 1759 594 sive
1786 533 1863 592 ob
1889 532 2183 613 gliscentia

83 643 146 699 in
179 642 300 699 dies
341 660 541 697 earum
578 638 713 696 vitia
737 681 751 709 7
795 636 916 696 sive
957 634 1133 692 etiam
1178 631 1252 690 ob
1301 632 1663 711 antiquatam
1703 626 2184 688 consuetudinem

86 732 419 794 conferendi
447 732 737 812 Baptisma
766 751 871 811 per
894 726 1326 786 immersionem
1349 769 1364 798 7
1393 725 1611 783 sensim
1646 725 1771 782 sine
1794 744 1968 782 sensu
1997 721 2189 781 desie-

87 840 227 887 runt
249 829 310 885 in
337 827 607 885 universa
629 825 867 883 Ecclesia
888 867 904 896 7
929 820 1072 880 adeo
1099 831 1165 878 ut
1188 839 1300 878 sec.
1338 819 1390 876 X
1418 817 1651 877 labente
1679 819 1779 878 vix
1801 816 1966 875 ullibi
1987 837 2190 876 earum

87 923 392 1000 vestigium
423 920 671 1001 supersit
699 919 825 998 (l).

170 1017 270 1075 70.
321 1015 455 1094 Obj.
499 1012 772 1073 secunda.
821 1012 882 1069 10
921 1008 1171 1084 Saltem,
1197 1029 1338 1089 quos
1357 1005 1634 1066 Catholici
1658 1007 1911 1065 minores
1943 1005 2193 1069 Ordines

90 1122 300 1171 vocant
322 1156 338 1185 7
378 1132 497 1169 non
527 1108 777 1166 >fuerunt
813 1103 886 1162 ab
923 1104 1090 1162 initio
1140 1103 1251 1160 nisi
1287 1101 1472 1160 officia
1509 1122 1610 1160 seu
1658 1101 1976 1159 ministeria
2005 1146 2021 1175 7
2068 1121 2194 1181 quae

93 1205 326 1264 delectis
370 1200 706 1262 hominibus
756 1193 1274 1258 committebantur
1322 1196 1539 1278 absque
1587 1196 1702 1254 ulla
1749 1195 2074 1254 initiatione
2121 1194 2196 1252 ab

94 1302 370 1382 Episcopo
399 1297 491 1358 vel
510 1294 815 1354 Sacerdote
834 1339 850 1368 7
875 1305 1048 1375 prout
1079 1294 1148 1351 20
1172 1315 1291 1351 non
1310 1291 1549 1351 obscure
1569 1291 1861 1371 colligitur
1886 1312 1957 1350 ex
1981 1292 2040 1349 S.
2058 1291 2199 1348 Am·
2231 1293 2257 1316 ‘⁷‘

95 1394 316 1472 brosio7
346 1391 445 1450 lib.
474 1392 497 1450 Ι
521 1392 609 1450 De
642 1391 888 1467 Officiis,
912 1387 1201 1446 scribente
1233 1410 1245 1445 :
1287 1389 1467 1446 Alius
1496 1387 1932 1466 dz‘stinyuendoe
1964 1388 2206 1444 lectioni

95 1491 329 1567 aptior,
373 1488 534 1544 alius
556 1486 791 1564 psalmo
824 1488 1089 1563 yratz‘or,
1123 1484 1283 1540 alius
1313 1483 1758 1550 eoeorcizandis,
1794 1486 1903 1560 qui
1924 1482 2081 1538 malo
2112 1486 2203 1538 la·-

96 1585 312 1642 horant
346 1586 608 1660 spiritu,
640 1580 978 1646 sollicitior,
1000 1579 1176 1641 alius
1207 1581 1480 1635 sacrario
1514 1580 1909 1655 opportunior
1933 1576 2200 1633 habetur:

99 1678 247 1736 Hoec
283 1678 489 1735 omnia
517 1683 723 1753 spectet
757 1672 1038 1731 Sacerdos
1055 1718 1069 1740 ,
1097 1682 1151 1731 et
1174 1672 1327 1750 quid
1346 1674 1562 1749 cuique
1586 1681 1910 1750 oonyruat,
1937 1671 2008 1728 id
2033 1669 2214 1747 officia*

104 1883 376 1931 mulieribus
420 1891 676 1945 competere
722 1897 872 1945 posse.
920 1878 978 1927 At
1008 1897 1115 1928 vero
1168 1880 1446 1945 vacti07qua
1465 1897 1546 1944 par
1560 1889 1654 1927 erat
1669 1878 1904 1927 honestate
1919 1886 1963 1926 et
1977 1878 2205 1937 decentia,

111 1967 159 2011 in
188 1965 276 2011 hoc
300 1964 408 2010 latet
426 1964 746 2027 aequivocati03
767 1964 803 2009 si
824 1963 945 2008 enim
966 1979 1114 2008 sermo
1198 1972 1517 2027 perageretur3
1550 1966 1600 2008 2⁰
1643 1961 1824 2008 easdem
1862 1963 2082 2023 inungere
2109 1960 2211 2006 oleo

113 2048 168 2093 sit
204 2046 260 2094 de
293 2044 590 2092 Ordinatione
621 2046 801 2108 proprie
842 2044 962 2090 dicta
985 2079 997 2100 7
1026 2060 1118 2107 qua

111 2130 272 2175 initiati
296 2128 417 2175 velut
432 2144 511 2190 per
525 2126 715 2190 gradum
734 2128 782 2173 in
800 2124 1117 2173 Sacerdotium

50 2233 51 2236 ¹
115 2210 329 2266 tendant,
348 2211 601 2256 rectissime
618 2204 841 2271 Theologi
859 2211 1026 2272 acjure
1043 2224 1123 2255 ne·

114 2301 216 2354 gant
239 2328 252 2349 7
272 2289 619 2338 Ordinationem
642 2287 914 2336 mulieribus
931 2305 1117 2352 compe-

114 2382 205 2420 tere
220 2389 366 2436 posse,
386 2382 433 2419 ut
448 2390 529 2419 nos
545 2372 629 2435 ipsi
644 2370 779 2434 paulo
797 2380 895 2432 post
908 2370 1122 2417 ostende-

120 2469 220 2500 mus
239 2470 254 2514 3
272 2456 429 2500 sivero
455 2455 510 2500 sit
528 2469 679 2500 sermo
698 2453 755 2499 de
771 2451 972 2516 quadam
989 2454 1121 2498 inau-

118 2537 355 2598 guratione
374 2552 453 2582 seu
474 2537 590 2593 ritu,
615 2552 706 2598 quo
738 2534 795 2580 ad
822 2534 971 2581 officia
989 2571 1002 2593 7
1023 2550 1126 2598 quae

125 2617 390 2663 diaconissis
406 2615 830 2678 committebantur,
850 2616 1126 2678 deputaren-

124 2703 200 2742 tur
224 2733 236 2754 7
272 2706 390 2743 certe
426 2696 543 2742 nihil
571 2696 749 2751 obstat,
780 2698 1024 2760 quominus
1059 2695 1126 2742 fe·-⁴

126 2779 264 2825 minis
305 2778 605 2839 eonferatur3
647 2778 727 2825 sed
758 2777 832 2824 hie
870 2779 983 2824 ritus
1011 2786 1131 2823 totus

123 2860 436 2907 ceremonialis
469 2868 533 2906 est
556 2895 569 2919 7
601 2859 749 2924 qualis
780 2867 988 2905 censetur
1021 2857 1128 2915 ille,

128 2959 219 3006 quo
251 2940 674 2989 sanctimonialibus
698 2940 850 2987 velum
879 2939 1129 2997 confertur,

128 3043 207 3073 seu
234 3027 425 3090 virgines
462 3033 798 3072 consecrantur.
848 3021 946 3070 Csr.
990 3021 1131 3069 Baro-

131 3108 233 3154 nius
271 3107 327 3153 ad
365 3123 539 3154 annum
577 3105 743 3152 Christi
783 3101 878 3166 34,
921 3122 971 3152 n.
1016 3100 1132 3150 283.

134 3185 253 3234 Hinc
306 3189 355 3234 in
412 3187 630 3234 laicorum
680 3202 817 3233 censu
872 3185 1135 3232 diaconissae

138 3266 447 3327 habebantur,
475 3268 698 3333 quidquid
726 3277 892 3315 asserat
907 3266 1132 3313 Morinos.

205 3347 267 3410 (l)
304 3347 401 3396 cfr.
424 3348 557 3396 Card.
584 3350 708 3397 Bona
724 3386 737 3407 7
770 3348 948 3394 Rerum
971 3346 1133 3410 liturg.

138 3429 223 3478 lib.
244 3447 259 3476 1
274 3465 288 3489 ,
310 3447 410 3494 cap.
432 3429 513 3490 25,
542 3429 567 3496 3
595 3430 670 3491 ι5,
696 3447 802 3479 cum
815 3432 935 3477 notis
950 3428 1139 3476 Roberti

141 3511 264 3559 Sala.
316 3511 547 3575 Praecipua
589 3513 953 3560 diaconissarum
988 3510 1139 3558 officia

141 3602 273 3641 erant
301 3610 312 3639 :
349 3602 396 3639 1⁰
428 3592 649 3656 Episcopo
677 3594 749 3642 vel
780 3593 1046 3658 Presbytero
1072 3592 1140 3639 fe-

142 3677 289 3723 minas
327 3675 573 3740 baptizanti
610 3675 764 3724 adesse
788 3710 802 3739 7
840 3686 892 3724 ut
931 3677 1146 3724 universa

1201 2061 1327 2091 sacro
1347 2052 1452 2091 ante
1479 2042 1761 2107 Baptismum
1777 2080 1790 2102 7
1824 2058 1926 2107 quae
1951 2043 2136 2090 nonnisi
2160 2044 2210 2088 in

1201 2124 1352 2173 fronte
1370 2143 1395 2171 a
1414 2123 1617 2172 Diacono
1639 2125 2010 2190 inungebantur3
2044 2123 2096 2170 3⁰
2113 2141 2212 2171 eas-

1203 2206 1307 2254 dem
1336 2217 1544 2271 praeterea
1568 2206 1720 2254 adhuc
1746 2207 2100 2254 catechumenas
2119 2208 2213 2270 pri-

1203 2291 1342 2337 vatim
1368 2291 1605 2336 instituere
1628 2291 1677 2335 in
1705 2291 1966 2337 necessariis
2000 2289 2215 2336 doctrinae

1205 2372 1462 2419 christianas
1511 2371 1734 2436 capitibus
1773 2389 1791 2430 7·
1846 2369 1899 2432 4⁰
1952 2380 2217 2434 aegrotantes

1206 2455 1400 2502 feminas
1415 2455 1609 2500 invisere
1628 2489 1640 2510 7
1667 2463 1711 2499 et
1738 2452 2021 2518 martyribus
2041 2461 2085 2499 et
2108 2468 2218 2499 con-

1207 2534 1451 2583 fessoribus
1490 2536 1540 2580 in
1590 2550 1766 2580 carcere
1820 2533 2013 2580 detentis
2076 2534 2216 2580 mini-

1210 2625 1377 2676 strare5
1403 2612 1456 2661 5⁰
1489 2617 1538 2661 in
1553 2615 1753 2661 ecclesiis
1780 2652 1792 2673 7
1817 2614 2051 2678 inquibus
2080 2632 2220 2678 pecu·
2251 2617 2253 2619 ’

1200 2698 1333 2744 liaris
1352 2713 1405 2744 ac
1424 2698 1603 2760 propria
1628 2702 1721 2744 erat
1744 2696 2019 2743 feminarum
2046 2698 2185 2762 janua
2200 2730 2216 2756 ,

1212 2781 1426 2826 assistere
1445 2777 1504 2825 ad
1520 2780 1760 2824 introitum
1785 2778 2031 2826 mulierum
2068 2789 2223 2825 custo-

1214 2860 1438 2908 diendum
1457 2875 1471 2921 3
1489 2856 1611 2907 6⁰in
1635 2860 1821 2907 ecclesia
1847 2862 1945 2923 ipsa
1971 2877 2103 2908 suum
2126 2860 2226 2907 cui-

1215 2959 1305 3008 que
1333 2941 1487 2989 locum
1527 2942 1710 2989 feminis
1740 2944 1965 3006 assignare
1991 2959 2004 3005 3
2041 2950 2092 3005 7⁰
2120 2951 2223 2988 tan·

1217 3026 1323 3074 dem
1352 3026 1544 3090 reliquis
1571 3025 1718 3073 viduis
1749 3040 1936 3089 praeesse
1953 3061 1966 3083 ,
1989 3033 2034 3071 et
2070 3039 2225 3070 earum

1217 3109 1578 3166 necessitatibus,
1596 3108 1675 3155 ubi
1691 3125 1802 3172 opus
1814 3117 1945 3165 esset,
1958 3106 2223 3165 subvenire3

1219 3211 1362 3260 quare
1388 3195 1438 3239 in
1465 3192 1742 3253 quibusdam
1771 3190 2026 3239 canonibus
2045 3188 2221 3252 proesi-

1219 3276 1377 3322 dentes
1395 3284 1438 3322 et
1459 3274 1780 3337 qubernantes
1807 3269 2106 3319 vocabantur.
2125 3268 2224 3317 Cfr.

1221 3356 1410 3404 Goarius
1446 3358 1495 3403 in
1525 3353 1812 3417 Euscholoqio
1836 3389 1849 3411 ‚
1882 3354 1930 3399 iu
1961 3362 2057 3399 not.
2085 3350 2141 3398 ad
2157 3368 2230 3399 ea-

1222 3455 1327 3488 rum
1364 3438 1729 3495 ordinationem3
1764 3451 1851 3482 nec
1886 3450 1980 3480 non
2015 3432 2228 3497 Theoph-

1221 3507 1510 3589 Raynaudus
1552 3518 1600 3564 S.
1647 3515 1691 3564 J.
1738 3514 1806 3564 De
1839 3514 1997 3562 sobria
2036 3513 2232 3564 alterius

1227 3619 1367 3653 sexus
1393 3599 1663 3665 frequentia
1677 3634 1694 3658 ,
1731 3615 1813 3663 cap
1840 3594 1892 3656 87
1917 3597 1999 3645 ubi
2018 3596 2153 3662 plura·
2174 3594 2232 3644 de

1231 3684 1494 3736 diaconissis
1531 3697 1782 3747 earumque
1824 3679 1986 3732 officiis
2009 3678 2207 3728 disserit.
