2508 4120
295 94 417 155 366
947 115 1269 154 rnAcrArus
1314 118 1381 154 nn
1429 119 1809 159 marmmotuo·

291 272 583 320 aeternum
609 257 858 316 exitium
882 257 1244 317 incurrendi.
1278 259 1417 318 Haec
1441 280 1620 340 porro
1649 282 1771 319 non
1799 260 2065 322 absolute
2091 286 2194 326 seu
2227 290 2428 330 neces-

292 356 441 415 sario
466 351 757 411 inducunt
784 350 861 410 ad
893 364 1201 433 peccatum
1231 365 1292 413 et
1322 355 1398 414 ad
1432 355 1776 431 interitum3
1816 355 1919 416 sed
1957 357 2006 416 si
2041 359 2234 421 media
2262 364 2432 424 adhi-

290 451 544 511 beantur
573 460 946 530 opportuna„
982 451 1181 511 caveri
1215 449 1483 511 absolute
1522 464 1802 534 possunt3
1845 454 2206 537 quandoque
2245 459 2421 521 etiam

288 546 480 617 licite,
519 546 704 604 immo
730 557 791 604 et
827 544 976 605 felici
1009 548 1170 606 exitu
1196 547 1528 629 periculum
1558 549 1815 608 vincitur
1835 594 1850 624 7
1883 561 1950 608 ut
1982 563 2149 633 patet
2185 574 2255 613 ex
2291 573 2432 614 con-

286 639 470 700 nubio
503 640 712 700 Esther
742 662 877 699 cum
911 643 1154 701 Assuero
1176 687 1191 716 ,
1219 654 1397 724 atque
1423 666 1494 703 ex
1532 666 1654 703 non
1691 647 1891 727 paucis
1919 646 2214 729 exemplis
2238 694 2254 724 a
2303 671 2432 732 quae

288 736 628 820 suppeditat
653 737 892 795 historia
929 737 1310 798 ecclesiastica
1339 740 1450 819 (1).
1481 741 1856 823 Quapropter
1887 763 2022 801 curn
2049 764 2157 802 nos
2182 742 2433 806 dissera-

286 855 419 892 mus
438 832 512 893 de
536 832 630 908 iis,
659 853 791 914 quae
822 843 1084 914 spectata
1108 834 1192 893 rei
1217 844 1429 895 natura
1456 835 1796 916 contingere
1828 836 2021 896 solent
2041 883 2057 913 ,
2089 850 2277 921 patet,
2303 851 2433 901 tum

286 951 426 993 vera
454 950 610 1003 esse,
642 949 770 1011 quae
798 929 1103 989 attulimus
1127 974 1143 1003 ,
1170 941 1299 990 tum
1336 932 1499 1011 gravi
1529 932 1963 994 interveniente
1987 953 2155 993 causa
2191 945 2251 993 et
2280 934 2427 1016 legi-

284 1026 429 1086 tima
467 1026 853 1101 auctoritate,
896 1038 963 1086 ut
1002 1026 1181 1110 paulo
1235 1039 1369 1110 post
1412 1027 1828 1105 ostendemuS,
1878 1051 2046 1112 posse
2089 1029 2247 1089 licita
2295 1032 2422 1093 fieri

284 1123 470 1183 mixta
502 1121 818 1183 connubia.

363 1220 510 1280 277.
559 1219 649 1279 Ad
681 1221 807 1299 2¹¹1,
840 1221 1002 1280 Disc.
1041 1219 1189 1281 Non.
1213 1241 1473 1301 semper,
1506 1241 1713 1289 conc.,·
1754 1220 1962 1281 saltem
1993 1222 2429 1302 utplurimum

282 1317 568 1377 recensita
600 1314 756 1376 mala
787 1338 912 1375 non
942 1314 1251 1399 profluunt
1271 1362 1287 1391 ,
1327 1339 1459 1398 neq.
1505 1319 1683 1377 Porro
1709 1316 2019 1399 prudentis
2047 1316 2303 1377 hominis
2339 1329 2430 1379 est

282 1412 617 1497 expendere
635 1457 653 1488 ‚
677 1412 822 1496 quid
845 1434 917 1472 ex
938 1414 1023 1472 rei
1053 1424 1265 1472 natura
1295 1425 1355 1473 et
1390 1414 1694 1473 communi
1721 1436 1923 1474 rerum
1946 1425 2165 1476 eventu
2194 1415 2431 1475 evenire

281 1510 484 1569 soleat.
526 1510 585 1569 Si
621 1515 748 1590 quae
783 1509 1004 1569 dentur
1038 1511 1413 1591 exceptiones
1443 1555 1458 1578 ,
1497 1509 1734 1592 illaeque
1775 1511 2120 1583 rarissimae,
2158 1511 2425 1591 regulam

279 1604 614 1688 generalem
632 1627 754 1664 non
777 1604 1112 1684 infringunt
1131 1650 1147 1680 a
1180 1604 1284 1665 sed
1309 1606 1504 1687 potius
1533 1617 1802 1665 statuunt
1829 1617 2006 1689 atque
2034 1608 2415 1681 confirmant,

281 1711 348 1761 ut
369 1713 583 1760 notum
612 1712 721 1761 est.
755 1699 1044 1760 Habenda
1077 1713 1360 1782 praeterea
1388 1702 1537 1761 ratio
1563 1714 1652 1761 est
1679 1701 2095 1780 adjunctorum
2118 1703 2387 1761 omnium
2406 1749 2421 1778 .,

280 1795 494 1855 indolis
519 1796 848 1878 praesertim
880 1818 1110 1871 eorum,
1137 1796 1298 1879 apud
1323 1818 1468 1879 quos
1491 1797 1779 1876 ejusmodi
1797 1796 2093 1857 connubia
2119 1797 2427 1858 celebran-

280 1905 400 1953 tur.
424 1894 551 1967 Quo
569 1893 660 1960 fit,
686 1903 751 1951 ut
774 1891 922 1951 illud
946 1892 1142 1975 ipsum
1165 1937 1181 1967 ,
1201 1891 1362 1976 quod
1375 1904 1642 1975 respectu
1672 1893 2096 1954 nonnullorum
2116 1894 2425 1953 innoxium

279 2001 369 2050 est
391 2035 407 2065 ‚
440 1989 837 2072 perniciosum
862 1990 963 2047 fiat
985 1999 1254 2072 respectu
1278 1988 1528 2048 aliorum
1550 2036 1565 2065 a
1595 1990 1695 2072 qui
1730 1990 1792 2048 in
1827 1989 2074 2051 diversis
2103 2012 2304 2050 rerum
2329 1989 2426 2050 ad-

271 2086 493 2166 junctis
521 2085 918 2168 reperiuntur.
950 2086 1090 2158 Quae
1127 2085 1367 2166 quidem
1394 2084 1633 2145 uberius
1661 2097 1863 2167 postea
1895 2085 2338 2145 declarabimus,

361 2182 506 2242 278.
558 2180 646 2242 Ad
671 2180 753 2239 3¹¹¹
773 2227 789 2255 .,
821 2183 984 2240 Dz'st.
1012 2180 1424 2239 Indifferentes
1448 2203 1510 2239 se
1533 2180 1801 2262 praebent
1822 2180 2089 2262 plerique
2113 2180 2416 2240 acatholici

278 2280 341 2338 in
368 2276 603 2358 negotio
632 2278 972 2357 religionis,
1003 2287 1195 2334 trane.
1230 2275 1328 2336 vel
1364 2296 1559 2344 cone.‚·
1590 2277 1654 2334 in
1690 2287 1854 2336 seetoe
1877 2275 2297 2336 conservandae
2319 2288 2420 2335 aut

278 2370 669 2457 propagandae
693 2371 888 2431 studio
910 2417 926 2445 7
960 2393 1088 2452 neq.
1118 2374 1247 2431 Duo
1276 2371 1398 2430 haec
1435 2372 1777 2454 permisceri
1809 2373 1967 2430 inter
1989 2391 2050 2430 se
2075 2383 2379 2453 nequeunt
2400 2418 2416 2447 7

278 2491 416 2531 cum
456 2470 662 2549 ingens
698 2469 856 2528 inter
897 2480 1219 2550 utrumque
1255 2467 1571 2527 discrimen
1609 2467 2031 2550 interpositum
2067 2469 2161 2526 sit.
2201 2468 2419 2550 Utique

277 2589 402 2626 non
445 2565 616 2648 pauci
650 2564 1105 2625 acatholicorum
1147 2562 1353 2623 morbo
1368 2607 1393 2637 ,
1432 2575 1496 2622 ut
1526 2564 1609 2623 ita
1641 2562 1831 2624 dicam
1855 2609 1870 2639 ‚
1906 2563 2317 2624 indifferentiae
2352 2564 2415 2622 in

277 2663 570 2744 religionis
603 2663 835 2742 negotio
872 2662 1125 2744 correpti
1153 2673 1321 2738 sunt,
1364 2660 1509 2721 adeo
1547 2673 1613 2720 ut
1654 2661 1826 2744 parvi
1864 2674 1967 2720 aut
2001 2660 2172 2720 nihili
2200 2660 2414 2720 faciant

278 2758 641 2840 religionem,
665 2780 779 2840 qua
802 2760 954 2817 Deus
980 2779 1114 2820 vere
1135 2757 1463 2816 honoratur
1476 2768 1535 2817 et
1551 2758 1782 2816 colitur.
1812 2755 1999 2832 Addo,
2029 2755 2406 2837 plerumque,

279 2854 488 2915 saltem
527 2876 686 2913 nunc
711 2854 994 2937 temporis
1013 2898 1031 2927 ‚
1059 2851 1410 2912 acatholicos
1430 2874 1491 2913 se
1519 2851 1924 2912 indifferentes
1963 2850 2238 2911 exhibere
2257 2896 2273 2927 ‚
2293 2852 2415 2910 sive

279 2953 411 3035 quis
434 2952 780 3035 profiteatur
798 2950 1187 3009 islamismum
1206 2994 1223 3022 ‚
1248 2948 1371 3010 sive
1381 2948 1744 3027 judaismum
1761 2991 1778 3021 ,
1810 2947 2289 3007 socinianismum
2312 2957 2414 3004 aut

280 3047 749 3109 rationalismum
770 3091 787 3122 ‚
814 3067 916 3106 seu
943 3046 1235 3106 deismum
1256 3090 1271 3119 ‚
1312 3045 1432 3103 imo
1462 3044 1656 3105 favere
1694 3044 1912 3126 passim
1943 3042 2228 3123 ejusmodi
2264 3065 2412 3125 pro-

280 3146 557 3205 fessiones
573 3144 687 3226 (2).
711 3144 810 3203 Ast
830 3142 1049 3202 nonita
1074 3164 1135 3201 se
1158 3162 1251 3202 res
1268 3139 1471 3216 habet,
1503 3162 1636 3199 cum
1658 3140 1849 3220 agitur
1867 3139 1940 3200 de
1967 3140 2201 3223 propria
2223 3150 2376 3199 secta
2392 3184 2407 3213 ,

349 3379 418 3444 (1)
455 3379 599 3429 Paulo
647 3389 751 3445 post
812 3379 1039 3446 ejusmodi
1090 3378 1303 3442 exempla
1389 3386 1664 3442 argumento
1684 3376 1819 3424 Basil.
1850 3376 2044 3424 Pontius
2063 3411 2078 3438 ,
2110 3379 2160 3422 in
2180 3374 2410 3440 Append-

279 3459 601 3528 subjiciemus.
647 3461 839 3510 Interim
881 3461 970 3510 cfr.
1006 3476 1110 3527 quae
1145 3459 1306 3508 scribit
1389 3463 1470 3509 cit.
1496 3477 1600 3525 cap.
1636 3456 1702 3522 4,
1742 3477 1793 3509 n.
1830 3474 1847 3506 ι
1880 3468 1926 3507 et
1949 3476 2082 3525 seqq.
2111 3475 2298 3507 necnon
2326 3456 2352 3523 §
2386 3472 2402 3502 1

279 3545 484 3595 Serarius
505 3581 519 3604 ‚
552 3561 712 3610 opusc.
747 3546 828 3593 cit.
865 3542 894 3611 ξ
936 3541 995 3592 ι8
1017 3582 1030 3605 ,
1067 3553 1167 3591 tum
1203 3557 1306 3609 quae
1391 3542 1544 3609 ejusd.
1577 3543 1738 3606 capitis
1761 3579 1774 3602 ,
1808 3560 1853 3589 n.
1895 3538 1956 3605 14
1994 3551 2038 3590 et
2070 3558 2203 3607 seqq.
2412 3525 2418 3535 ⁵

281 3639 384 3698 post
417 3646 526 3679 eum
564 3630 746 3693 copiose
768 3627 970 3693 disputat
999 3627 1057 3676 de
1090 3627 1180 3675 hoc
1208 3628 1307 3691 ipso
1462 3625 1529 3690 (2)
1566 3624 1743 3674 Notum
1766 3635 1865 3685 est,
1898 3627 1949 3672 in
1982 3623 2176 3672 Russico
2211 3621 2407 3685 Imperio
