2508 4120
411 180 531 218 cu.
576 178 659 214 111.
706 177 773 213 nn
816 174 1213 213 imminuamus
1258 172 1601 211 mummonn
1629 195 1646 224 ,
1691 172 1812 208 Ero.
2059 148 2176 207 303

70 321 432 404 Baptismum
462 320 522 377 in
559 317 797 376 nomine
831 315 1043 375 Christi
1080 313 1576 373 administratum.
1629 312 1695 371 Id
1730 313 1926 394 ipsum
1955 311 2181 370 dicatur

70 419 143 477 de
179 416 419 476 nomine
446 415 726 474 Ecclesiae
749 411 841 470 his
874 408 1192 469 canonibus
1226 407 1415 467 obiter
1442 409 1660 466 inserto
1686 452 1702 482 ‚
1741 405 1898 489 quod
1921 427 2181 467 accesso-

69 515 222 572 rium
270 522 358 570 est
396 508 694 592 proposito
723 506 811 564 illi
851 505 994 579 fini,
1033 525 1209 584 quem
1261 501 1587 561 Tridentini
1633 504 1830 561 Patres
1871 500 1946 561 ob
1986 501 2180 561 oculos

70 606 438 689 potissimum
467 601 722 662 habuere
742 645 760 674 ,
789 597 1106 658 definiendi
1130 597 1346 656 scilicet
1363 642 1380 671 .,
1417 596 1651 657 civilem
1680 597 2017 678 nuptiarum
2042 619 2184 679 pac—

72 705 292 762 tionem
330 700 601 758 humanae
653 694 947 773 subjacere
992 693 1304 776 potestati,
1365 694 1523 774 quod
1565 693 1850 752 Lutherus
1895 692 2184 754 obstinate

72 796 340 875 negabat.
370 795 519 853 Cum
555 813 694 852 vero
718 789 1085 870 exploratum
1113 799 1604 870 perspectumque
1639 788 1714 846 sit
1749 787 1906 869 apud
1937 810 2141 848 omnes
2162 833 2181 862 .,

72 888 392 974 principale
425 898 690 960 tantum,
734 905 854 943 non
905 905 1045 944 vero
1098 885 1480 942 accessorium
1517 884 1580 941 in
1619 882 2056 943 definitionibus
2109 883 2186 943 ad

70 985 246 1045 fidem
286 983 611 1065 pertinere,
648 978 1119 1039 concludendum
1168 990 1288 1055 est,
1338 978 1474 1038 fidei
1517 978 1729 1058 dogma
1774 979 2018 1037 minime
2062 999 2187 1040 esse

71 1084 397 1142 Ecclesiam
416 1082 678 1159 potuisse
703 1089 803 1135 aut
817 1099 985 1156 posse
1009 1076 1430 1158 impedimenta
1455 1074 1788 1135 dirimentia
1813 1077 2185 1162 constituere.

158 1176 294 1236 135.
342 1177 516 1255 Resp.
553 1174 641 1232 Ad
669 1175 781 1247 ΙΨ.)
815 1174 971 1232 Dist.
1001 1171 1306 1230 Falluntur
1335 1173 1618 1252 graviter,
1661 1172 1758 1254 qui
1797 1194 1865 1231 ex
1899 1171 2020 1231 solo
2044 1192 2188 1231 ana-

74 1272 333 1331 themate
369 1267 728 1328 concludunt
757 1288 1040 1326 canonem
1078 1266 1332 1348 aliquem
1372 1265 1766 1347 dogmaticum
1802 1288 1956 1343 esse,
1990 1287 2191 1335 conc.,·

81 1367 178 1446 qui
206 1375 483 1446 praeterea
507 1384 580 1422 ex
600 1362 854 1440 subjecta
884 1363 1123 1421 materia
1143 1407 1159 1433 ,
1187 1383 1257 1422 ex
1275 1383 1448 1443 scopo
1473 1374 1533 1422 et
1551 1362 1939 1422 declaratione
1964 1362 2189 1438 eorum,

73 1461 176 1542 qui
208 1480 492 1518 canonem
527 1457 841 1516 ediderunt
855 1502 876 1530 ,,
921 1456 981 1515 id
1008 1456 1317 1538 colligunt,
1341 1479 1471 1538 neq.
1501 1460 1636 1518 Jam
1656 1479 1798 1518 vero
1829 1460 2070 1540 nos-ipsi
2101 1479 2189 1517 re-

70 1555 266 1634 gulam
282 1553 572 1626 dedimuS.,
601 1573 673 1612 ex
690 1573 804 1633 qua
830 1551 1085 1632 dignosci
1105 1553 1309 1634 possit,
1335 1552 1573 1634 quando
1595 1575 1785 1613 canon
1812 1552 2193 1613 anathemate

71 1651 335 1708 firmatus
388 1648 742 1728 dogmaticus
786 1647 862 1705 sit
896 1647 1253 1720 censenduS‚
1297 1647 1534 1729 quando
1582 1669 1722 1706 vero
1764 1647 2188 1729 disciplinariS,

73 1744 230 1826 quod
254 1744 469 1803 scilicet
508 1745 573 1801 in
593 1742 918 1822 dogmatico
953 1763 1045 1802 res
1067 1754 1432 1825 proponatur
1460 1742 1748 1803 credenda
1783 1755 1884 1802 aut
1903 1743 2191 1819 docenda,

76 1841 135 1898 in
171 1840 527 1921 disciplinari
568 1851 766 1898 autem
808 1860 899 1898 res
945 1839 1205 1898 facienda
1234 1851 1335 1898 aut
1374 1840 1717 1899 omittenda.
1762 1842 1842 1899 Ex
1877 1840 1986 1899 hac
2019 1862 2195 1921 porro

83 1934 283 2015 regula
309 1934 471 1994 facile
504 1933 966 2015 deprehenditur
982 1979 999 2008 7
1022 1955 1272 1994 canones
1306 1936 1564 2016 Gregorii
1580 1937 1830 2013 junioris
1849 1957 1949 1996 seu
1965 1931 2018 1994 II
2037 1937 2197 2021 ¹inter

81 2029 478 2110 disciplinares
512 2050 634 2088 esse
663 2029 1079 2104 recensendOS‚
1113 2050 1246 2088 cum
1282 2052 1404 2089 non
1439 2042 1642 2110 agatur
1665 2031 1726 2088 in
1761 2031 1828 2089 iis
1860 2030 1932 2090 de
1969 2052 2034 2091 re
2069 2052 2197 2092 cre-

83 2123 274 2183 denda
289 2166 307 2198 ,
332 2123 436 2182 sed
459 2123 533 2183 de
554 2144 617 2182 re
637 2124 962 2204 praestanda
978 2150 994 2198 3
1013 2136 1214 2184 contra
1240 2146 1380 2184 vero
1395 2146 1468 2185 ex
1491 2126 1695 2185 eadem
1718 2126 1915 2205 regula
1944 2137 2194 2201 constat,

81 2239 332 2278 canones
365 2217 735 2278 Tridentinos
765 2217 1117 2298 dogmaticos
1140 2240 1263 2279 esse
1284 2265 1300 2293 7
1337 2241 1470 2279 cum
1502 2221 1564 2279 in
1590 2222 1658 2280 iis
1690 2233 1892 2301 agatur
1920 2221 1992 2281 de
2018 2224 2200 2304 profi-

84 2312 262 2373 tenda
301 2314 608 2372 existentia
653 2314 957 2395 potestatis
1000 2315 1065 2372 in
1102 2312 1348 2376 Ecclesia
1396 2316 1694 2376 statuendi
1735 2317 2198 2398 impedimenta,

85 2428 200 2488 qua
238 2406 443 2466 eadem
478 2407 756 2476 Ecclesia,
794 2420 861 2466 ut
896 2409 1255 2468 ostendimus
1282 2455 1298 2483 7
1351 2410 1424 2468 ab
1460 2411 1600 2491 ipsis
1638 2411 1999 2492 temporibus
2057 2435 2199 2495 apo-

89 2499 303 2559 stolicis
339 2500 414 2558 ad
449 2522 556 2558 nos
599 2522 781 2581 usque
825 2523 1062 2582 semper·
1095 2525 1199 2563 usa
1238 2515 1343 2562 est.
1382 2505 1546 2564 Hanc
1582 2527 1759 2586 porro
1786 2528 2000 2587 negare
2045 2519 2204 2570 certe

88 2596 426 2655 haereticum
458 2606 567 2654 est.
600 2596 635 2654 J
642 2595 828 2654 uverit
851 2594 929 2653 ad
963 2596 1252 2656 dictorum
1290 2600 1800 2661 confirmationem
1835 2604 1898 2660 in
1938 2603 2204 2664 medium

88 2691 296 2750 afferre
311 2692 712 2750 auctoritatem
735 2690 1078 2751 adversariis
1093 2693 1306 2752 nostris
1322 2695 1565 2756 minime
1588 2709 1918 2778 suspectam
1938 2744 1954 2774 ‚
1989 2699 2205 2762 scilicet

92 2788 215 2844 Van
248 2787 511 2868 Espenii,
551 2787 810 2867 quicum
844 2786 1130 2846 nonnulla
1170 2791 1575 2870 praemisisset,
1614 2814 1743 2874 quae
1778 2806 1978 2875 postea
2017 2795 2204 2875 subji-

92 2882 339 2955 ciemUS,
379 2882 458 2939 sic
485 2882 548 2939 in
579 2902 706 2940 rem
743 2892 1005 2940 nostram
1039 2883 1378 2943 concludit:
1414 2887 1620 2966 Iqitur
1648 2890 1825 2967 filum
1856 2891 2207 2950 traditionis

93 2979 362 3034 insecuta
384 2977 662 3055 Synodus
697 2975 1058 3036 Tridentina
1085 2989 1232 3037 recte
1259 2981 1584 3041 anathema
1609 2984 1772 3042 dixit
1800 2987 1869 3043 in
1900 3006 2039 3043 eum
2055 3032 2072 3055 ‚
2096 2991 2211 3065 qui

94 3069 322 3127 dicerit
332 3112 356 3140 ,
389 3072 720 3130 Ecclesiam
759 3092 881 3130 non
901 3077 1158 3152 potuisse
1192 3078 1546 3136 constituere
1578 3080 2010 3158 impedimenta
2042 3080 2207 3139 diri-

100 3167 327 3222 mentia
345 3211 362 3233 ,
397 3167 485 3223 vel
510 3169 579 3223 in
610 3169 691 3224 iis
723 3169 1153 3227 constituendis
1177 3171 1404 3228 errasse
1427 3170 1535 3252 (l)

187 3257 321 3318 186.
366 3259 454 3318 Ad
473 3259 583 3330 ΞΜ,
611 3262 782 3342 Resp.
804 3261 866 3319 10
890 3262 1034 3342 Ergo
1048 3283 1120 3322 ex
1134 3266 1499 3326 concessione
1524 3267 1987 3329 adversariorum
1999 3290 2207 3353 scopus

103 3351 426 3412 Tridentini
445 3354 575 3430 fuit,
595 3377 716 3414 non
731 3354 1100 3438 disciplinam
1124 3369 1400 3434 statuere,
1428 3363 1533 3422 sed
1545 3368 1642 3442 jus
1675 3362 1912 3444 aliquod
1935 3363 2202 3442 definire,

102 3449 259 3530 quod
286 3448 535 3529 negabat
559 3451 863 3511 LutheruS.

175 3611 239 3674 (1)
278 3611 373 3660 Cfr.
416 3611 512 3660 Jus
557 3612 951 3666 Ecclesiasticum
994 3621 1108 3667 uni·
1193 3640 1292 3689 cap.
1318 3640 1333 3672 1
1359 3657 1377 3685 ‚
1397 3623 1433 3691 ἓ
1449 3639 1541 3686 20,
1573 3641 1680 3690 pag.
1697 3623 1799 3692 674
1821 3662 1836 3689 ,
1856 3627 2035 3679 Lovan.
2060 3641 2207 3694 ¹7⁰⁰·
2258 3648 2259 3652 ¹

109 3708 293 3742 veroum
314 3732 329 3757 ,
372 3704 489 3747 tom.
521 3714 537 3743 1
569 3733 584 3759 ,
629 3707 748 3762 part.
786 3715 853 3762 11,
887 3701 962 3750 tit.
1012 3700 1069 3750 13
1090 3739 1105 3764 ‚
