2508 4120
287 101 404 160 314

919 114 1241 154 TRAGTATUS
1287 116 1354 152 DE
1398 117 1785 158 MATRIMOMO.

283 267 501 347 ginaria
531 283 595 321 ac
616 262 850 343 propria
876 260 1137 320 Ecclesiae
1160 271 1450 342 potestate
1481 260 1641 343 loqui
1660 307 1675 336 ,
1710 272 1887 343 prout
1914 284 1946 321 a
1969 265 2070 324 Pio
2100 268 2172 326 VI
2207 267 2407 329 defini·

283 374 410 421 tum
444 369 532 419 est
570 357 682 437 (l).

1105 508 1599 551 DIFFICULTATES.

359 634 501 694 205.
549 632 687 713 Obj.
739 635 948 716 prima.
997 635 1059 692 1⁰
1104 634 1544 694 Matrimonium
1569 680 1587 710 ,
1634 635 1962 695 Canonistis
2019 646 2079 696 et
2116 636 2417 718 Theologis

281 731 787 793 consentientibus
808 778 823 805 7
866 731 1083 813 passim
1112 731 1331 792 dicitur
1356 743 1687 792 contractus
1722 736 1921 793 civilis
1962 733 2038 793 ad
2071 734 2420 812 dignitatem

278 829 637 889 Sacramenti
668 850 698 887 a
735 827 966 887 Christo
994 840 1266 903 evectus3
1297 829 1540 888 materia
1562 829 1789 910 itaque,
1825 853 1897 889 ex·
1912 853 2074 910 qua,
2117 842 2184 889 ut
2211 834 2380 909 ajunt
2399 877 2415 907 .,

276 927 345 984 fit
377 926 857 999 Sacramentum,
898 935 986 984 est
1005 924 1190 985 civilis
1218 936 1587 999 contractus3
1630 927 1793 1008 atqui
1815 926 1989 985 solius
2024 926 2307 1009 Principis
2331 939 2418 987 est

273 1019 429 1100 leges
445 1021 598 1081 ferre
624 1042 732 1103 pro
758 1030 1058 1079 contractu
1089 1019 1280 1095 civili3
1315 1043 1450 1100 ergo
1478 1042 1551 1079 ex
1572 1020 1697 1102 ipsa
1712 1021 1795 1081 rei
1822 1033 2033 1081 natura
2059 1034 2319 1096 constat,
2345 1021 2422 1081 ad

276 1106 435 1176 Solos
460 1117 758 1198 Principes
794 1128 1058 1198 spectare
1074 1121 1170 1194 jus
1195 1117 1575 1196 originarium
1602 1117 1749 1177 circa
1770 1118 2212 1177 Matrimonium
2243 1118 2422 1178 etiam

284 1235 399 1295 qua
423 1215 869 1273 Sacramentum
890 1259 905 1288 ,
938 1214 1019 1272 ita
1047 1224 1113 1271 ut
1139 1213 1253 1295 ipsi
1280 1212 1387 1272 soli
1417 1213 1645 1295 possint
1668 1213 2095 1295 impedimenta
2121 1225 2377 1273 statuere
2402 1259 2419 1288 .,

277 1320 378 1367 aut
413 1308 664 1369 Ecclesia
688 1331 759 1369 ex
783 1310 1049 1391 ipsorum*
1069 1310 1245 1368 tacito
1272 1308 1368 1370 vel
1398 1326 1672 1390 expresso
1699 1331 2005 1370 consensu.
2035 1312 2103 1369 2⁰
2127 1311 2251 1369 Hoc
2278 1331 2420 1372 vero

278 1403 488 1463 clarius
511 1405 703 1464 adhuc
733 1410 906 1487 patet
930 1427 1001 1464 ex
1035 1427 1104 1464 eo
1125 1451 1141 1471 ,
1178 1405 1336 1486 quod
1360 1404 1612 1484 dignitas
1632 1406 1994 1464 Sacramenti
2022 1404 2256 1464 accedat
2288 1426 2420 1464 con-

278 1502 493 1559 tractui
529 1501 686 1564 civili
715 1547 730 1574 ,
767 1499 934 1582 cujus
973 1500 1219 1581 proinde
1248 1511 1523 1558 naturam
1561 1522 1685 1559 non
1720 1502 1998 1559 immutat
2020 1545 2036 1574 ‚
2077 1512 2255 1581 prout
2296 1522 2419 1559 non

280 1595 563 1654 immutat
587 1596 777 1654 calicis
802 1599 1111 1653 materiam
1135 1596 1557 1676 superveniens
1585 1594 1934 1655 benedictio.
1959 1594 2024 1654 30
2053 1597 2202 1654 Sane
2225 1597 2418 1655 incre-

274 1689 457 1750 dibile
485 1702 573 1750 est
594 1737 610 1765 .‚
658 1691 959 1750 Christum
996 1692 1349 1764 Dominum,
1386 1691 1487 1772 qui
1522 1691 1812 1772 professus
1837 1702 1925 1751 est
1958 1712 2207 1770 regnum
2244 1713 2417 1749 suum

273 1808 395 1844 non
427 1806 552 1844 esse
584 1787 656 1844 de
680 1785 791 1844 hoc
815 1785 1040 1844 mundo
1061 1832 1076 1860 .‚
1104 1785 1357 1845 voluisse
1375 1832 1392 1861 7
1417 1808 1524 1868 per
1548 1787 1916 1846 evectionem
1950 1785 2310 1845 Matrimonii
2340 1785 2416 1844 ad

273 1880 618 1961 dignitatem
633 1881 1016 1956 Sacramenti7
1046 1881 1341 1963 Principes
1361 1886 1518 1959 jure,
1546 1903 1661 1962 quo
1680 1893 1852 1940 antea
1873 1881 2107 1961 pacifice
2130 1878 2417 1939 frueban-

272 1990 369 2037 tur
390 2024 405 2053 .,
450 1978 767 2038 destituere
796 1989 971 2059 atque
996 1978 1254 2059 privare.
1291 1977 1359 2035 40
1378 1975 1548 2050 Quod
1564 1976 1718 2036 bene
1741 1976 2033 2037 intellexit
2058 1977 2114 2034 S.
2139 1975 2417 2051 ThomaS‚

274 2075 374 2155 qui
402 2085 604 2155 aperte
630 2073 830 2131 scribit
858 2096 870 2130 z
905 2078 1181 2133 Personae
1213 2074 1541 2152 z‘lleyz'tz'moe
1568 2074 1656 2131 ad
1678 2074 2152 2133 Matrimonium
2180 2082 2421 2132 contra-

271 2170 536 2227 hendum
555 2170 852 2227 dicuntur
885 2190 957 2226 ex
991 2190 1086 2243 ec,
1125 2169 1287 2246 quod
1314 2179 1460 2226 sunt
1480 2179 1686 2226 contra
1720 2170 1930 2247 leyem,
1952 2189 2078 2246 qua
2099 2170 2419 2225 Matrimo-

274 2268 453 2323 nium
471 2267 787 2323 statuitur.
805 2265 1278 2324 ffIatrimom'um
1306 2273 1530 2337 autem,
1559 2269 1628 2321 in
1646 2274 1946 2342 quantum
1971 2267 2139 2322 estin
2161 2262 2419 2340 officium

344 2455 411 2521 (l)
450 2455 614 2504 Merito
646 2466 884 2520 propterca
935 2455 1011 2503 Cl.
1053 2455 1310 2528 Binterim‚

270 2542 323 2587 in
360 2557 438 2604 op.
485 2538 618 2588 Uber
644 2537 752 2587 Ehe
773 2539 876 2586 und
904 2538 1275 2603 Ehescheidunq
1295 2579 1310 2603 ‚

274 2639 376 2682 seu,
395 2621 476 2668 De
496 2623 808 2669 matrimonio
831 2630 875 2668 et
892 2621 1095 2669 divortio
1112 2657 1127 2682 ‚
1147 2639 1197 2686 p.
1224 2620 1308 2680 23,

274 2704 568 2754 Diisseldorf.
609 2701 737 2768 1819
754 2740 767 2763 ‚
791 2705 1119 2767 expositionem
1146 2704 1310 2752 adver-

272 2789 497 2836 sariorum
526 2802 632 2832 can.
668 2801 711 2832 lv
741 2784 887 2832 Conc.
924 2784 1219 2844 Tridentini,
1252 2785 1310 2832 de

273 2870 488 2937 delegata
505 2881 728 2933 potestate
756 2869 971 2918 Ecclesiae
989 2906 1002 2928 ‚
1026 2869 1307 2933 pronuncia-

275 2961 343 3005 vit
398 2974 495 3006 esse
567 2953 790 3003 ormalem
844 2960 1057 3015 satyram
1093 2951 1309 2998 adversus

255 3041 492 3091 -Ecclesiae
514 3037 904 3105 jurisdictionem.
933 3032 1008 3081 Sic
1035 3035 1159 3081 enim
1192 3033 1306 3079 scri·-

272 3123 385 3173 bit:
428 3123 538 3188 Eyo
573 3120 709 3169 illam
746 3119 760 3182 (
789 3119 1124 3182 expositionem
1172 3115 1308 3162 nimi.

278 3226 385 3254 rum
407 3245 420 3267 ‚
456 3205 583 3272 quod
611 3201 825 3268 Synodus
855 3199 1127 3247 Tridentina
1145 3233 1161 3259 ‚
1197 3214 1301 3245 can.

274 3307 321 3337 iv
340 3329 353 3351 ‚
384 3291 441 3337 de
470 3287 678 3353 delegata
695 3283 1016 3352 jurisdictione
1031 3291 1214 3328 tantum
1234 3281 1306 3328 lo-

284 3371 486 3439 quatur)
518 3387 678 3418 ceram
696 3368 925 3416 adversus
942 3362 1311 3414 ecclesiasticam

270 3462 554 3522 potestatem
575 3462 787 3517 satyram
810 3447 991 3515 appello
1014 3464 1034 3508 ‚⁰
1071 3462 1157 3493 nec
1191 3446 1311 3492 satis

279 3539 524 3602 concipere
550 3551 666 3599 queo
687 3573 699 3593 ‚
730 3549 938 3597 quonam
957 3538 1102 3596 pacto
1119 3536 1183 3575 tot
1208 3562 1224 3588 ,
1255 3525 1313 3572 Ii-

278 3632 347 3669 eet
397 3620 528 3669 docti
557 3658 567 3676 ‚
638 3620 792 3666 oetatis
836 3626 1009 3665 nostroe
1056 3612 1317 3662 canonistoe

1396 2472 1496 2503 sese
1529 2464 1694 2503 contra
1732 2454 1970 2504 Ecclesioe
2010 2454 2300 2503 decisionem
2332 2469 2418 2502 ca·

1396 2537 1524 2586 leant
1545 2539 1689 2586 tueri.
1711 2536 1842 2585 Nam
1859 2535 2076 2585 Ecclesia
2090 2540 2144 2584 in
2163 2538 2266 2584 suis
2289 2551 2416 2584 oecn-

1395 2622 1600 2668 menicis
1639 2603 1875 2667 Conciliis
1918 2636 2169 2685 nunquam
2202 2627 2323 2667 certe
2360 2617 2420 2665 de

1393 2721 1451 2752 ea
1477 2710 1707 2769 potestate
1745 2701 2036 2750 declaranda
2062 2701 2139 2750 vel
2173 2699 2413 2748 constabi-

1391 2784 1557 2832 liendo
1579 2782 1786 2831 sollicita
1807 2783 1910 2846 fuit
1926 2820 1939 2842 ‚
1967 2799 2112 2847 quam
2130 2798 2190 2830 ecc
2216 2781 2417 2830 Princi-

1381 2883 1504 2931 pum
1515 2868 1685 2929 favore
1705 2866 1886 2930 accepit
1902 2899 1918 2923 ,
1938 2864 2022 2911 sed
2044 2864 2100 2911 de
2126 2863 2211 2912 illa
2224 2872 2416 2910 tantum

1388 2963 1495 3011 quoe
1535 2963 1565 2994 a
1601 2946 1770 2994 divino
1807 2947 1913 3011 ejus
1949 2946 2207 3009 fundatore
2236 2945 2416 2993 tradita

1389 3030 1492 3094 ipsi
1530 3028 1631 3092 fait
1675 3037 1816 3092 atque
1854 3029 2125 3076 commissa.
2166 3026 2244 3076 Ac
2277 3029 2420 3094 prior

1389 3111 1580 3176 quidem
1596 3119 1807 3176 potestas
1823 3111 1887 3158 ad
1909 3110 2163 3159 historiam
2186 3112 2416 3176 pertinet,

1380 3195 1615 3260 posterior
1635 3192 1977 3241 ecclesiasticas
2014 3193 2272 3240 decisiones
2294 3208 2418 3239 com-

1381 3276 1629 3343 plectitur.
1660 3276 1866 3325 Nullum
1877 3293 2024 3343 porro
2054 3275 2321 3342 exemplum
2340 3276 2420 3322 in-

1391 3362 1562 3422 venio,
1589 3376 1680 3424 quo
1709 3357 1929 3409 Ecclesia
1969 3357 2160 3423 aliquid
2188 3357 2275 3405 sub
2297 3371 2418 3404 ana-

1393 3443 1593 3491 themate
1608 3440 1899 3506 definiverit,
1915 3441 2039 3506 qnod
2051 3457 2109 3488 ex
2121 3440 2416 3504 Principum

1391 3529 1555 3590 favore
1571 3525 1817 3573 derivarit.
