2612 4146
419 235 544 273 CAP.
591 233 653 268 11.
707 235 771 268 ne
815 232 1070 269 onumen
1116 230 1344 268 NUMERO
1387 230 1451 266 ΕΤ
1495 228 1812 265 memmi-E.
2069 205 2182 267 107

84 376 457 436 Vehementer
508 384 708 452 optare
749 394 808 431 se
843 375 1186 451 profitetur,
1231 382 1302 429 ut
1346 373 1556 449 aliqua
1593 373 1750 428 ratio
1806 370 2188 426 inveniretur

71 472 372 529 minutuli
390 473 536 527 cleri
555 468 694 549 (quo
709 468 948 526 nomine
963 467 1300 526 inferiorum
1325 465 1600 523 ordinum
1623 463 1857 522 clericos
1883 459 2177 541 designat)

78 590 116 626 a
158 567 602 625 cathedralibus
649 576 703 622 et
741 567 1061 644 colleyiatis
1099 563 1523 633 submovendi,
1557 560 1927 640 providendo
1978 558 2192 625 aliter,

78 686 287 743 nempe
301 684 418 742 per
431 664 648 742 probos
675 672 729 719 et
741 663 1124 740 provectioris
1144 663 1338 715 oetatis
1365 659 1546 715 laicos
1561 700 1580 728 ,
1601 677 1858 736 congruo
1882 660 2191 734 assiqnato·

78 760 400 837 stipendia,
431 761 762 815 ministerio
784 754 1153 814 inserviendi
1170 753 1378 811 lUissis
1405 762 1458 809 et
1483 753 1623 809 aliis
1649 752 1847 828 officiis
1878 752 2036 809 velut
2058 770 2192 808 aco-

79 854 258 932 lythi,
292 863 392 910 ete.
421 864 489 910 ut
510 854 649 910 olim
668 898 684 920 ,
715 850 933 931 inquit,
966 850 1108 926 fieri
1126 847 1374 916 solebat,
1409 846 1650 923 quando
1679 850 1803 923 ejus
1824 850 2063 924 qeneris
2090 847 2191 924 of-

72 951 218 1027 ficia
251 970 373 1006 non
408 950 494 1006 ad
527 968 756 1005 meram
790 948 1038 1024 speeiem
1081 963 1199 1022 pro
1247 942 1580 1019 mayor-ibus
1622 942 1960 1000 Ordinibus
1991 945 2197 1000 susci-

73 1045 318 1123 piendis
348 1045 588 1102 reducta
614 1050 804 1098 erant.
844 1041 1008 1118 ErgO.
1034 1116 1036 1121 s

166 1139 266 1196 71.
313 1139 485 1217 Resp.
527 1135 615 1194 Ad
662 1135 773 1208 1¹1¹,
809 1132 960 1211 Negy.
1008 1133 1067 1190 Si
1104 1131 1261 1190 enim
1303 1129 1538 1190 Ordinis
1577 1130 1848 1204 nomine,
1885 1140 2059 1211 prout
2096 1129 2191 1190 hic

89 1231 164 1291 ad
194 1232 446 1291 minores
469 1229 716 1288 Ordines
748 1227 1138 1306 restringitur,
1164 1226 1330 1286 venit
1352 1226 1497 1284 ritus
1521 1245 1702 1299 sacer,
1732 1245 1848 1306 quo
1878 1223 2192 1305 spiritualis

90 1337 344 1408 potestas
368 1313 619 1382 traditur
645 1323 718 1381 ad
736 1321 1111 1381 ecclesiastica
1136 1321 1334 1379 munia
1364 1341 1472 1403 pro
1493 1325 1625 1398 jure
1657 1318 1924 1379 obeunda
1945 1364 1961 1402 7
1985 1339 2197 1400 quem-

89 1418 404 1479 admodum
436 1416 510 1476 ab
547 1416 712 1475 initio
769 1416 1113 1475 tradidimus
1133 1461 1149 1490 ,
1196 1415 1376 1475 relate
1424 1415 1746 1497 praesertim
1790 1414 1862 1474 ad
1914 1413 2202 1473 Sacerdo-

89 1515 236 1573 tium
263 1560 278 1586 7
325 1535 456 1571 cum
486 1513 756 1572 recensiti
794 1512 1043 1571 Ordines
1084 1522 1297 1593 praeter
1335 1509 1828 1569 subdiaconatum
1872 1532 1902 1568 a
1949 1509 2197 1568 laudatis

90 1608 463 1668 Pontificibus
494 1606 761 1667 Cornelio
793 1619 852 1666 et
887 1608 1021 1685 Cajo
1050 1617 1463 1666 recenseantur
1498 1615 1780 1685 tanquam
1822 1603 2031 1683 gradus
2065 1604 2199 1685 qui·

92 1704 229 1763 dam
278 1704 353 1762 ad
398 1704 791 1762 Sacerdotium
820 1748 836 1778 ,
884 1724 1018 1762 cum
1062 1714 1342 1783 praeterea
1388 1700 1712 1759 Concilium
1762 1699 2032 1779 Carthag.
2085 1699 2200 1774 IV,

94 1821 248 1858 anno
292 1799 410 1858 398
449 1798 837 1871 celebratum,
878 1799 1235 1877 singulorum
1272 1795 1692 1856 tradendorum
1730 1796 1873 1854 ritus
1908 1805 1967 1854 et
2001 1794 2203 1853 munia

98 1894 429 1973 singillatim
463 1894 749 1953 describat
785 1905 958 1973 atque
982 1891 1266 1965 declaret,
1299 1912 1616 1972 eorumque
1652 1891 1916 1949 omnium
1941 1888 2203 1947 collatio-

95 2010 228 2049 nem
241 1989 518 2069 Episcopo
534 1987 913 2066 tribuat7·jure
932 1987 1349 2061 concludimus,
1368 2007 1463 2045 eos
1480 2007 1599 2043 non
1619 1997 1686 2043 ut
1703 1984 1859 2043 nuda
1878 1983 2201 2042 ministeria

95 2095 154 2142 et
182 2083 364 2141 officia
386 2128 403 2157 ,
428 2083 529 2141 sed
555 2095 833 2165 tanquam
859 2083 1105 2141 totidem
1134 2082 1381 2142 Ordines
1409 2103 1545 2142 vere
1581 2092 1642 2140 et
1675 2081 1909 2162 proprie
1932 2102 1965 2138 a
1988 2079 2208 2141 veteri·

44 2219 46 2222 ι
95 2176 202 2235 bus
228 2177 455 2236 habitos
487 2179 676 2237 fuisse.

177 2272 276 2331 72.
322 2271 407 2332 Ad
433 2274 515 2330 21¹¹
536 2318 552 2346 0
585 2273 730 2352 Neq.
771 2271 861 2331 Ad
883 2271 1051 2353 prob.
1090 2283 1286 2330 autem
1317 2273 1474 2330 Dist.
1510 2272 1591 2329 Ex
1618 2272 1674 2330 S.
1708 2268 2007 2328 Ambrosio
2031 2267 2210 2328 debet

101 2367 413 2448 Episcopus
439 2370 644 2449 cuique
686 2367 937 2426 officium
962 2366 1240 2448 deputare
1270 2387 1374 2446 per
1392 2365 1706 2445 legitimam
1737 2354 2206 2439 Ordinationem‚

67 2542 69 2545 ι
107 2482 293 2528 conc.,·
331 2462 547 2543 absque
588 2464 991 2536 ordinatione,
1034 2465 1209 2522 subd.
1252 2461 1671 2520 committendo
1705 2459 1941 2540 aliquod
1983 2480 2054 2517 ex
2093 2457 2209 2517 illis

109 2554 302 2613 officiis
324 2558 427 2613 uni
448 2556 542 2615 vel
561 2556 727 2615 alteri
750 2578 821 2615 ex
846 2562 971 2634 jam
995 2556 1276 2614 ordinatis
1299 2601 1315 2630 ,
1351 2576 1536 2622 οοηο.;
1559 2576 1717 2614 secus
1734 2600 1749 2629 ⁷
1779 2575 1908 2633 neq.
1942 2553 2210 2634 Aliquam

110 2651 266 2708 enim
294 2649 735 2709 ordinationem
761 2651 817 2710 S.
854 2650 1186 2708 Ambrosius
1222 2651 1284 2707 in
1312 2650 1535 2728 objecto
1569 2648 1694 2707 loco
1720 2649 1997 2730 supponit
2016 2694 2032 2722 .,
2075 2669 2209 2707 cum

106 2743 377 2823 loquatur
406 2745 478 2802 de
501 2744 737 2803 clericiS.
772 2744 1090 2803 Sacerdotis
1112 2735 1309 2803 ‘autem
1334 2745 1570 2804 nomine
1599 2744 1944 2826 Episcopum
1987 2743 2061 2801 ab
2088 2744 2215 2825 ipso

108 2837 390 2918 designari
416 2840 734 2898 ostendunt
766 2841 1013 2898 Maurini
1045 2840 1293 2899 editores
1326 2840 1437 2919 (l).

189 2934 289 2994 73.
338 2933 426 2993 Ad
463 2935 546 2993 3¹1¹
569 2980 584 3008 .,
629 2937 784 2994 Dist.
826 2935 889 2993 Id
927 2946 1014 2994 est
1034 2979 1049 3009 ,
1090 2935 1275 2995 officia
1298 2956 1398 2994 seu
1429 2935 1747 2994 ministeria
1770 2933 2078 3016 peculiaria
2097 2978 2112 3009 ,
2141 2931 2216 2991 ad

114 3049 236 3108 quae
257 3052 359 3110 per
375 3029 815 3090 Ordinationem
844 3030 1106 3111 deputati
1133 3043 1298 3090 erant
1319 3076 1334 3106 .,
1363 3029 1438 3089 ad
1460 3042 1672 3089 nutum
1703 3030 1966 3112 Episcopi
1998 3027 2092 3088 vel
2119 3029 2218 3086 Sa·

112 3123 359 3186 cerdotis
394 3126 741 3186 exercebant
777 3127 870 3186 vel
905 3149 1025 3185 non
1066 3122 1414 3188 exercebant
1435 3172 1450 3203 ‚
1487 3147 1677 3195 conc.;
1712 3126 1959 3185 Ordines
1995 3124 2105 3205 ipsi
2138 3143 2211 3182 ex

117 3229 264 3276 nutu
288 3218 543 3302 Episcopi
571 3221 938 3303 pendebant,
976 3245 1102 3303 neq.
1134 3223 1218 3283 Ad
1240 3234 1501 3282 cantores
1536 3234 1733 3283 autem
1760 3244 1858 3281 seu
1885 3219 2215 3302 psalmistas

119 3322 178 3370 et
212 3312 470 3373 fossat-ios
494 3328 593 3374 aut
625 3318 735 3376 alio
762 3319 999 3377 nomine
1040 3319 1317 3397 Copiatas
1341 3330 1441 3376 aut
1464 3320 1827 3376 Laborantes
1855 3325 2219 3397 nuncupatos

122 3408 279 3487 quod
292 3410 523 3484 attinet7
540 3411 801 3485 dicimUS‚
816 3434 910 3472 eos
927 3425 1025 3472 aut
1044 3413 1291 3474 Ordines
1308 3435 1426 3473 non
1443 3413 1616 3473 fuisse
1634 3411 1866 3493 proprie
1883 3409 2065 3470 dictos
2083 3455 2099 3486 ‚
2119 3407 2221 3469 sed

193 3693 255 3755 (l)
294 3692 350 3739 In
379 3694 536 3742 adnot.
562 3697 610 3741 in
630 3693 717 3744 loc.
748 3698 824 3744 cit.
