2508 4120
436 193 557 229 GAP.
608 192 688 228 111.
736 193 802 228 DE
846 189 1244 228 lMPEDIMENTIS
1288 189 1668 236 MATRIMOMI,
1706 188 1825 226 E‘rc.

2070 164 2183 226 317

84 356 153 395 ex
189 331 484 390 ablutione
502 377 516 405 ,
560 342 618 390 et
641 331 786 389 ratio
819 331 1176 390 Sacramenti
1200 329 1570 390 Eucharistiae
1594 351 1664 388 ex
1693 328 2018 411 prolatione
2052 350 2186 390 ver-

82 427 290 486 borum
321 426 788 486 consecrationis.
836 427 1026 498 Quare
1071 445 1194 482 non
1235 445 1295 483 se
1332 423 1510 483 habet
1546 434 1874 483 contractus
1911 423 2187 483 naturalis

82 532 346 604 respectu
364 521 718 580 Sacramenti
735 519 1089 578 Matrimonii
1105 530 1170 576 ut
1184 518 1428 578 materia
1455 529 1679 577 remota
1694 565 1711 588 ,
1729 517 1832 578 sed
1859 530 1925 577 ut
1948 519 2190 578 materia

74 622 362 697 proxima
382 662 398 690 .,
426 636 551 697 quae
581 615 841 675 consistit
865 614 927 672 in
962 614 1089 694 ipsa
1120 612 1510 694 applicatione
1553 634 1655 673 seu
1679 613 2007 674 collatione.
2040 614 2190 674 Hinc

83 733 217 770 cum
246 710 684 770 Matrimonium
727 709 1058 789 perficiatur
1094 706 1221 788 ipso
1260 705 1731 767 contrahentium
1767 729 2052 768 consensu
2090 729 2193 767 ex·-

83 827 281 887 presso
306 803 412 863 sub
439 803 647 863 debitis
678 800 1105 862 conditionibus
1125 847 1142 876 7
1168 801 1278 860 hoc
1306 803 1432 883 ipso
1462 812 1595 860 actu
1625 803 1691 860 fit
1725 790 1955 882 signum
1993 803 2193 863 efficax

84 900 299 979 gratiae,
322 898 579 981 adeoque
601 900 1060 968 Sacramentum.
1085 897 1272 977 Atque
1287 894 1498 955 exinde
1512 907 1674 978 patet
1686 896 2018 973 discrimen,
2037 897 2195 980 quod

85 993 390 1053 intercedit
416 994 480 1052 in
517 992 766 1052 adducta
799 991 1047 1072 paritate
1075 1035 1091 1064 ,
1132 990 1288 1049 inter
1329 990 1565 1050 calicem
1590 1000 1650 1050 et
1685 992 2195 1074 supervenientem

87 1087 550 1148 benedictionem
567 1089 684 1166 (1);
704 1086 891 1146 multo
915 1086 1091 1165 igitur
1107 1086 1301 1144 minus
1325 1085 1472 1144 ratio
1486 1086 1840 1146 Sacramenti
1857 1087 2196 1169 supervenit

89 1183 407 1243 contractui
431 1181 601 1243 civili.

157 1374 218 1438 (1)
255 1375 354 1423 Hoc
394 1375 632 1439 perspicue
674 1383 718 1421 et
753 1375 911 1437 paucis
947 1371 1100 1421 verbis

89 1460 274 1522 exponit
292 1456 537 1521 Angelicus
548 1454 738 1516 Doctor‚
757 1457 808 1502 in
821 1452 944 1517 lib.4
959 1451 1094 1505 Sent.

87 1538 194 1586 dist.
224 1554 306 1604 27,
326 1555 375 1602 q.
397 1553 414 1584 1
449 1537 505 1584 ad
521 1534 555 1600 4
575 1546 733 1602 quaest.
758 1535 961 1584 scribens
984 1533 1100 1586 :Si-

84 1628 165 1667 cut
194 1636 243 1667 se
273 1618 410 1667 habet
433 1617 618 1666 ablutio
646 1619 852 1665 exterior
877 1616 943 1663 ad
959 1617 1102 1683 Bap-

85 1702 279 1748 tismum
301 1739 314 1761 ‚
349 1701 419 1748 ita
454 1716 502 1746 se
546 1698 684 1747 habet
715 1698 956 1764 expressio
993 1714 1099 1746 ver-

86 1780 253 1829 borum
285 1780 349 1828 ad
390 1780 475 1829 hoc
518 1777 881 1831 Sacramentum
925 1779 1100 1842 (Matri-

86 1864 188 1924 nii)
215 1896 231 1922 ,
270 1870 324 1909 ut
339 1861 522 1909 dictum
551 1868 620 1908 est
636 1881 656 1919 ;
683 1871 734 1909 et
766 1860 883 1909 ibid.
915 1860 966 1908 d.
996 1858 1061 1908 26
1083 1897 1096 1919 ‚

89 1960 140 2007 q.
174 1958 238 2003 2,
271 1952 359 1991 art.
402 1944 432 1992 3
454 1977 469 1998 ,
498 1942 558 1990 ad
597 1957 626 1989 2
657 1957 671 1988 =
708 1939 866 1989 Actus
905 1940 1104 1991 exterio-

88 2040 164 2070 res
208 2031 254 2070 et
292 2023 434 2072 verba
463 2024 781 2088 exprimentia
823 2037 1103 2070 consensum

90 2106 264 2153 directe
288 2106 483 2171 faciunt
506 2122 682 2155 nexum
703 2106 956 2170 quemdam
974 2142 989 2166 ,
1019 2107 1105 2169 qui

88 2195 155 2235 est
191 2183 562 2234 Sacramentum
613 2185 943 2235 Matrimonii.
982 2185 1104 2234 Cum

90 2288 194 2319 vero
228 2270 472 2320 adversarii
508 2287 604 2319 non
634 2271 880 2319 admittant
899 2269 1105 2336 Angelici

89 2354 420 2412 auctoritatem,
441 2355 530 2400 nisi
546 2353 733 2418 quando
744 2351 856 2418 ipsis
867 2352 1017 2401 favere
1034 2353 1104 2401 vi-

91 2433 254 2492 detur,
276 2431 445 2497 juverit
459 2434 549 2481 hoc
574 2436 728 2498 ipsum
755 2434 992 2482 adstruere
1022 2452 1104 2482 au-

92 2517 297 2563 ctoritate
338 2515 608 2563 adversariis
636 2517 830 2562 minime
861 2525 1068 2579 suspecta
1089 2549 1106 2578 ‚

92 2611 258 2660 nempe
274 2595 374 2643 Van
390 2595 594 2660 Espenii,
615 2597 695 2660 qui
717 2613 794 2659 op.
812 2597 1029 2659 cit-part.
1050 2597 1104 2655 ir,

90 2679 162 2725 tit.
190 2691 293 2738 111,
322 2694 424 2742 cap.
448 2674 511 2741 4,
555 2694 688 2724 num.
715 2694 742 2743 7
770 2712 783 2735 ,
813 2678 877 2724 ait
908 2692 921 2723 ε
946 2674 1109 2724 Causa
1135 2734 1138 2738 .

90 2759 245 2823 ‘iqitur
265 2758 469 2823 efficiens
502 2765 548 2805 et
568 2758 825 2823 perficiens
850 2756 1109 2804 Matrimo-

90 2841 229 2887 nium
244 2847 313 2887 est
330 2850 528 2888 mutuus
552 2855 809 2887 consensus
825 2875 840 2898 ,
882 2847 940 2885 ut
958 2838 1110 2898 sicuti

91 2922 328 2987 sponsalia
365 2923 421 2971 de
444 2923 612 2987 futuro
634 2920 983 2970 contrahuntur
1012 2920 1108 2969 solo

91 3018 319 3050 consensu
339 3005 391 3051 in
418 3005 613 3070 nuptias
634 3003 829 3068 futuras
846 3041 860 3063 ‚
900 3005 972 3050 ita
998 3001 1109 3051 Ma-

94 3085 478 3150 trimoniumper
491 3101 771 3132 consensum
798 3085 854 3132 de
869 3086 1110 3150 proesenti

94 3167 151 3213 in
181 3170 377 3230 nuptias
403 3166 687 3232 perficitur,
699 3168 851 3232 juxta
894 3167 1106 3231 requiam

81 3247 220 3311 juris
252 3236 280 3293 :⁵
299 3245 512 3312 Nuptias
558 3262 658 3294 non
701 3246 979 3294 concubitus
1027 3248 1109 3295 sed

93 3326 488 3390 convsensusfacit.
523 3327 664 3377 Unde
685 3327 910 3391 Pontifex
932 3328 1107 3392 (Inno-

97 3410 273 3457 centius
288 3424 338 3454 111
373 3409 392 3468 )
431 3410 486 3455 in
512 3425 619 3477 cap.
648 3409 730 3469 23,
774 3426 838 3468 x,
873 3408 931 3457 de
963 3425 1106 3474 spon-

95 3487 276 3537 salibus
307 3526 319 3547 ‚
360 3496 584 3553 tanquam
637 3489 961 3539 indubitatum
1003 3508 1102 3540 suae

93 3569 397 3620 resolutionis
438 3570 813 3634 fundamentum
862 3572 1065 3623 assumit
1084 3609 1100 3636 ,

91 3651 217 3714 quod
246 3651 448 3717 sufficiat
484 3652 548 3701 ad
577 3653 947 3704 Matrimonium
982 3653 1108 3704 solus

1183 1387 1441 1421 consensus
1457 1371 1650 1422 illorum
1662 1371 1721 1421 de
1731 1388 1952 1438 quorum,
1969 1389 2200 1439 quarum-

1182 1469 1272 1517 que
1301 1453 1720 1519 conjunctionibus
1738 1455 1919 1519 aqitur.
1948 1455 2098 1522 Loqui
2125 1474 2207 1506 au-

1185 1544 1279 1582 tem
1326 1534 1430 1582 Van
1469 1533 1724 1599 Espenium
1764 1536 1822 1584 de
1868 1536 2199 1596 Maffimonio,

1184 1625 1320 1679 prout
1362 1625 1429 1664 est
1476 1614 1828 1664 Sacramentum
1859 1651 1878 1675 ‚
1924 1626 2103 1666 constat
2147 1633 2204 1666 ex

1184 1696 1563 1745 antecedentibus
1604 1707 1648 1746 et
1682 1699 2070 1764 consequentibus
2110 1716 2204 1748 nu-

1184 1780 1355 1840 meris3
1391 1796 1500 1826 nam
1534 1796 1665 1826 num.
1704 1777 1732 1826 3
1777 1782 1909 1844 ponit
1948 1781 2201 1830 discrimen

1183 1861 1303 1907 inter
1335 1858 1683 1908 Matrimonium
1710 1860 1972 1909 infidelium
2009 1871 2055 1910 et
2085 1861 2204 1910 fide-

1184 1940 1333 2000 lium,
1369 1941 1495 2007 quod
1540 1941 1658 1990 illud
1697 1944 1759 1990 sit
1788 1951 1967 1991 tantum
2002 1959 2200 2004 verum,

1185 2021 1307 2069 istud
1333 2032 1548 2086 praeterea
1569 2031 1729 2070 ratum
1745 2030 1791 2070 et
1811 2021 2200 2088 Sacramentum3

1187 2119 1238 2151 n.
1274 2102 1305 2152 5
1327 2092 1517 2151 scribit:
1546 2102 1922 2152 Matrimonium
1943 2113 2105 2153 ratum
2122 2107 2204 2155 in-

1187 2191 1257 2231 ter
1279 2183 1444 2247 fideles
1476 2201 1573 2232 esse
1603 2201 1768 2233 verum
1799 2182 2170 2236 Sacramentum
2183 2223 2203 2249 ,

1171 2282 1325 2315 ‚nemo
1343 2264 1699 2315 catholicorum
1713 2266 1922 2329 dubitat,
1942 2278 1987 2317 et
2002 2270 2205 2318 ostendit

1189 2350 1455 2397 auctoritate
1493 2348 1687 2413 Eugenii
1728 2352 1775 2397 iv
1817 2359 1863 2399 et
1914 2349 2058 2400 Conc.
2098 2351 2204 2400 Tri-

1193 2429 1402 2488 dentini3
1436 2428 1603 2477 deinde
1630 2447 1683 2477 n.
1721 2445 1749 2495 7
1770 2463 1787 2489 ,
1820 2447 2053 2494 exponens
2065 2429 2206 2498 hujus

1190 2509 1473 2558 Sacramenti
1506 2527 1689 2558 causam
1730 2510 2005 2576 efficientem
2044 2523 2207 2579 etper-

1184 2591 1426 2654 sicientem
1447 2627 1462 2650 ‚
1493 2608 1596 2640 eam
1617 2594 1747 2656 ponit
1767 2630 1780 2652 ‚
1817 2603 1868 2642 ut
1892 2594 2110 2656 vidimus,
2154 2597 2207 2645 in

1191 2689 1415 2721 consensu
1464 2673 1860 2739 contrahentium3
1903 2675 2092 2725 demum
2130 2694 2206 2726 eo-

1192 2755 1298 2804 dem
1326 2771 1460 2804 num.
1498 2770 1548 2819 7,
1573 2765 1675 2821 post
1701 2757 1900 2806 adducta
1925 2759 2063 2808 verba
2079 2776 2207 2824 ,per-

1190 2839 1253 2903 git
1292 2854 1307 2885 2
1343 2836 1486 2901 Quod
1508 2846 1668 2886 autem
1699 2839 1817 2887 dicit
1832 2838 2087 2905 Euqenius
2116 2855 2165 2890 xv
2187 2875 2204 2904 ,

1192 2922 1248 2968 in
1288 2921 1375 2970 eit.
1429 2921 1554 2970 decr.
1594 2938 1688 2987 pro
1726 2923 1963 2973 Armenis
1996 2961 2010 2984 ,
2059 2940 2207 2973 causa

1191 3002 1394 3068 efficiens
1442 3001 1754 3052 Matrimonii
1802 3005 2084 3069 requlariter
2140 3013 2209 3053 est

1191 3092 1388 3132 mutuus
1410 3100 1665 3133 consensus
1685 3102 1778 3152 per
1815 3086 1957 3134 verba
1997 3086 2055 3134 tle
2074 3102 2208 3152 proe-

1191 3167 1316 3212 senti
1338 3174 1619 3231 expressum
1659 3166 1932 3214 nullatenus
1967 3167 2037 3215 sic
2062 3166 2204 3215 intel-

1193 3246 1440 3310 liqendum
1470 3283 1485 3308 ‚
1516 3249 1656 3312 quasi
1684 3247 1942 3311 aliquando
1963 3247 2063 3296 alia
2091 3256 2210 3297 esset

1191 3343 1336 3376 causa
1369 3329 1577 3395 efficiens
1610 3330 1924 3376 Matrimonii
1938 3346 2081 3394 quam
2094 3347 2204 3378 rnu-

1191 3418 1302 3458 tuus
1318 3426 1603 3466 consensus,
1630 3410 1713 3458 sed
1732 3409 1858 3474 quod
1885 3412 1930 3458 is
1952 3427 2207 3460 consensus

1183 3509 1281 3541 non
1300 3509 1483 3558 semper
1503 3493 1565 3539 sit
1584 3492 1920 3556 exprimendus
1939 3510 2032 3559 per
2043 3492 2205 3542 cerba.

1187 3576 1355 3641 Quare,
1374 3591 1481 3622 cum
1498 3571 1661 3622 exVan
1672 3573 1871 3639 Espenio
1885 3593 1966 3641 per
1979 3575 2095 3624 illud
2110 3573 2208 3639 effi-

1188 3657 1349 3706 ciatur
1361 3665 1406 3706 et
1412 3655 1695 3721 perficiatur
1709 3655 2056 3708 Sacramentum
2079 3692 2093 3718 ‚
2112 3672 2205 3723 quo
