2508 4120
518 200 638 239 cAP.
686 203 708 238 1
751 203 818 239 nn
863 201 1212 240 mummomo
1254 203 1313 240 m
1355 201 1416 239 su
1459 190 1749 239 specum.
2066 177 2184 238 21³7

91 342 429 402 confirmare
453 387 467 415 a
499 341 801 402 meliorem
830 354 984 404 statu
1006 342 1288 425 conjugali
1310 364 1432 403 esse
1457 341 1780 402 caelibatum
1798 384 1816 417 ,
1841 360 1975 401 cum
2000 339 2200 421 agitur

86 437 157 495 de
201 437 399 497 divino
439 437 741 497 famulatu.

166 530 265 589 33.
317 532 404 590 Ad
426 533 545 590 llm
564 578 580 607 ,
614 535 770 593 Dist.
798 535 1171 592 paciscuntur
1197 531 1274 591 de
1295 532 1430 591 dote
1454 531 1528 591 ad
1552 552 1727 591 onera
1750 531 1929 590 futuri
1947 530 2191 610 conjugii

86 627 449 699 sustinenda,
466 648 654 692 conc.,·
676 627 748 686 de
763 627 1115 686 Sacramenti
1134 626 1344 707 pretiO,
1361 648 1488 706 neq.
1510 627 1721 685 Mirum
1741 625 1986 707 proinde
2003 625 2192 687 videri

85 719 290 793 debet,
309 720 504 801 plures
528 742 599 780 ex
623 722 873 802 antiquis
891 720 1200 780 canonistis
1226 740 1295 778 ex
1318 720 1611 778 occasione
1639 720 1810 797 hujus
1835 719 2189 779 difficultatis

85 825 379 894 permotos
413 836 536 873 esse
565 814 640 874 ad
673 815 998 895 negandam
1027 815 1290 892 conjugio
1314 813 1655 893 dignitatem
1683 814 2062 874 sacramenti.

167 908 266 967 34.
317 909 405 968 Ad
432 911 585 983 121³,
622 912 780 969 Dz‘st.
817 910 1153 992 Disceptant
1174 908 1447 987 Theologi
1467 909 1528 966 in
1556 908 2031 985 determinandO,
2059 931 2194 988 quoe

85 1003 159 1061 sit
183 1007 425 1062 materia
448 1050 463 1078 ,
488 1009 661 1083 quive
683 1005 981 1078 minister,
1009 1025 1199 1070 conc.;
1219 1004 1281 1061 in
1301 1001 1679 1062 admittendis
1705 1001 1899 1062 debita
1929 1004 2192 1081 materia,

85 1097 270 1157 forma
290 1111 348 1158 et
362 1099 630 1157 ministro
646 1097 719 1156 ad
741 1100 1180 1158 Sacramentum
1200 1097 1676 1157 constituendum
1694 1143 1710 1172 ‚
1741 1119 1870 1177 neq.
1903 1100 2003 1157 Hae
2021 1087 2199 1180 porro

86 1194 490 1253 controversiae
516 1195 577 1251 in
603 1192 871 1251 omnibus
885 1194 1003 1252 fere
1019 1194 1404 1253 Sacramentis
1418 1192 1613 1253 locum
1635 1191 1877 1252 habent.
1899 1194 2194 1268 Ceterum,

90 1287 231 1368 quid
264 1287 336 1347 de
360 1288 450 1346 his
478 1287 846 1349 verisimilius
876 1288 1231 1349 censendum
1262 1290 1368 1366 sit,
1386 1294 1510 1367 jam
1537 1287 1938 1370 expendimus,

109 1491 188 1533 DE
220 1493 487 1535 MATERIA
515 1524 528 1545 ‚
560 1493 767 1535 FORMA
803 1494 1005 1550 ATQUE
1046 1493 1335 1536 MINISTRO
1367 1492 1745 1535 SACRAMENTI
1777 1492 2169 1536 MATRIMONII.

167 1657 265 1717 35.
314 1660 668 1732 Quaestiones
708 1660 783 1720 de
810 1661 1066 1733 ⁴materia
1115 1673 1174 1721 et
1216 1661 1402 1720 forma
1445 1660 1802 1719 Sacramenti
1837 1660 2199 1719 Matrimonii

83 1753 346 1835 pendent
365 1776 396 1812 a
416 1754 748 1834 principalis
773 1757 1177 1817 controversiae
1206 1756 1493 1815 solutione
1517 1801 1532 1830 7
1559 1776 1688 1836 quae
1708 1766 1798 1814 est
1820 1754 1891 1814 de
1910 1756 2196 1817 ministro·

85 1849 344 1923 Etenim,
374 1850 421 1907 si
445 1848 613 1927 hujus
639 1852 996 1910 Sacramenti
1011 1853 1273 1910 minister
1301 1862 1389 1911 est
1413 1851 1686 1909 Sacerdos
1704 1895 1720 1927 ‚
1751 1852 1881 1928 jure
1908 1851 2158 1910 infertur
2178 1897 2194 1927 .,

92 1943 351 2019 ejusdem
390 1946 694 2004 materiam
732 1967 854 2004 esse
891 1958 1253 2005 contractum
1293 1945 1622 2004 naturalem
1645 1993 1660 2020 .,
1709 1957 1774 2003 ut
1826 1957 2038 2006 vocant
2061 1990 2078 2022 ‚
2125 1945 2200 2004 ab

86 2038 351 2118 ipsismet
403 2039 881 2098 contrahentibus
938 2052 1143 2099 mutuo
1194 2062 1481 2099 consensu
1537 2041 1896 2122 perfectum,
1949 2042 2199 2101 formam

87 2152 226 2191 vero
257 2131 758 2210 benedictionem,
789 2156 887 2194 seu
917 2156 1073 2193 sacra
1117 2135 1293 2195 verba
1330 2157 1361 2194 a
1397 2135 1704 2194 Sacerdote
1746 2135 1991 2217 prolata.
2030 2137 2198 2209 Quod

87 2225 134 2284 si
177 2227 426 2285 ministri
470 2229 828 2288 Matrimonii
879 2229 1152 2288 dicuntur
1196 2231 1306 2311 ipsi
1357 2230 1767 2289 contrahentes
1796 2276 1812 2304 ,
1862 2232 2103 2290 materia
2142 2242 2202 2291 et

87 2319 305 2397 forma,
322 2326 486 2399 juxta
518 2325 699 2403 magis
727 2336 1019 2406 receptam
1046 2325 1202 2406 apud
1238 2325 1409 2404 hujus
1435 2326 1735 2384 sententiae
1766 2337 2041 2407 patronos
2071 2328 2201 2409 opi-

90 2414 326 2474 nionem
348 2460 363 2488 a
402 2418 513 2476 erit
542 2420 845 2500 utriusque
881 2420 1279 2478 contrahentis
1313 2441 1625 2480 consensus
1653 2419 1847 2480 ‘verbis
1887 2441 1990 2479 seu
2018 2421 2197 2500 signis

92 2528 424 2587 expressuS,
472 2510 605 2569 licet
649 2512 756 2569 sub
803 2513 1032 2572 diverso
1078 2524 1391 2595 respectu:
1432 2519 1690 2572 materia
1720 2515 1933 2574 scilicet
1959 2560 1976 2590 .,
2026 2531 2201 2598 prout

91 2622 400 2662 consensus
417 2604 697 2682 significat
721 2616 1029 2686 corporum
1053 2609 1457 2686 traditionem3
1477 2612 1702 2687 forma,
1726 2622 1900 2691 prout
1917 2612 2199 2692 significat

90 2707 360 2755 mutuam
401 2699 744 2758 eorumdem
777 2702 1255 2781 acceptationem.

173 2791 271 2851 36.
316 2796 449 2852 Jam
490 2816 628 2854 vero
651 2841 667 2870 .,
709 2807 909 2854 utrum
939 2796 1108 2875 hujus
1150 2799 1505 2859 Sacramenti
1529 2801 1782 2861 ministri
1806 2803 1924 2862 sint
1960 2817 2203 2865 contra-

95 2885 302 2946 hentes
348 2910 425 2947 an
454 2890 726 2948 Sacerdos
748 2936 763 2965 7
810 2893 1050 2973 quaestio
1085 2903 1172 2951 est
1206 2915 1416 2974 magna
1451 2897 1779 2956 animorum
1831 2901 2206 2961 contentione

93 2981 301 3057 agitata
333 2984 488 3043 inter
522 2984 855 3065 TheologOS.
891 2986 998 3045 Alii
1026 2987 1183 3046 enim
1207 3009 1338 3047 cum
1368 2989 1679 3051 Melchiore
1717 2994 1874 3053 Cano
1894 3039 1911 3069 .,
1952 2996 2051 3076 qui
2080 2995 2203 3054 for·-

96 3082 245 3133 tasse
265 3079 525 3137 omnium
551 3079 774 3160 primus
806 3080 958 3141 hanc
993 3083 1342 3143 sententiam
1365 3085 1428 3142 in
1452 3085 1677 3146 scholas
1706 3088 1932 3150 invexit
1955 3088 2066 3171 (l),
2103 3101 2203 3148 aut

168 3236 230 3299 (l)
267 3238 447 3290 Adduci
474 3247 641 3306 passim
676 3244 821 3304 solet,
857 3256 957 3310 post
994 3247 1108 3296 Mel·
1190 3251 1325 3297 tismo
1358 3266 1462 3315 cap.
1498 3265 1515 3298 1
1539 3286 1554 3310 ,
1584 3253 1976 3300 commendaverit
2003 3255 2098 3302 vim
2121 3254 2205 3304 be-

99 3319 301 3368 chiorem
333 3321 512 3371 Canum
532 3362 546 3383 ,
570 3335 790 3391 tanquam
827 3328 1003 3391 primus
1037 3346 1107 3376 as·
1189 3333 1464 3380 nedictionis
1488 3343 1532 3382 et
1561 3336 1779 3382 orationis
1818 3334 2108 3384 sacerdotalis
2145 3339 2205 3387 ad

99 3412 238 3449 sertor
282 3402 421 3469 hujus
454 3410 687 3454 sententiae
722 3445 735 3467 ‚
771 3408 895 3473 quod
935 3410 1107 3460 scilicet
1187 3417 1375 3478 gratiam
1400 3414 1484 3463 Dei
1501 3416 2084 3467 conciliandam.Auamen
2101 3436 2201 3468 cer-

96 3484 382 3534 Sacramenli
438 3485 721 3537 Matrimonii
768 3493 962 3539 ministri
1016 3498 1107 3541 sint
1188 3506 1286 3543 tum
1315 3497 1495 3544 videtur
1517 3532 1530 3555 ‚
1564 3496 1613 3543 id
1649 3515 1797 3545 unum
1831 3500 2086 3562 significare
2127 3518 2208 3549 vo-

95 3566 359 3617 Sacerdotes
376 3604 389 3629 ‚
409 3566 683 3620 Guillelmus
711 3570 961 3637 Episcopus
974 3572 1102 3622 Pari·
1184 3575 1322 3626 luisse
1346 3576 1644 3626 Guillelmum
1666 3616 1678 3638 ‚
1720 3580 1845 3645 quod
1878 3581 1978 3630 haec
2011 3580 2205 3630 benedi·

97 3652 278 3712 siensis,
310 3669 362 3699 eo
391 3652 515 3717 quod
535 3655 632 3717 ipse
663 3655 712 3702 iu
739 3665 870 3705 tract.
904 3656 960 3705 de
981 3656 1101 3722 Bap-
1183 3661 1272 3709 ctio
1299 3677 1394 3709 non
1425 3662 1714 3727 requiratur,
1737 3672 1790 3711 ut
1821 3680 1924 3729 pars
1948 3663 2200 3714 essentialis
