2508 4120
374 168 495 205 car.
540 167 623 204 111.
669 168 736 204 ΒΕ
780 168 1180 207 ιΜΡΕυιΜΕΝΤῙε
1225 164 1567 206 maritumum
1595 187 1609 215 .,
1657 163 1778 199 Ere.
1817 174 1819 176 ·
2050 140 2177 200 329

45 315 176 387 jure
202 327 266 366 ac
289 330 354 368 ea
390 309 671 390 competit
699 308 985 368 Ecclesiae.
1025 309 1108 367 Ex
1141 308 1356 368 horum
1403 304 1729 379 sententia,
1762 303 1810 361 si
1839 302 1974 384 'quis
2017 303 2178 363 ineat

52 403 288 484 nuptias
323 424 456 463 cum
480 403 674 485 aliquo
697 403 980 481 ejusmodi
1001 403 1157 465 civili
1191 401 1630 485 impedimento
1645 443 1661 474 a
1691 397 1867 458 nullae
1889 398 2011 456 istae
2036 418 2177 460 eva·—

52 498 202 557 dunt
240 520 363 557 non
401 497 575 559 modo
609 497 672 555 in
708 501 935 557 ratione
974 507 1341 570 contractuS,
1384 517 1592 557 verum
1629 494 1807 552 etiam
1848 493 1912 552 in
1948 493 2177 552 ratione

48 593 424 653 Sacramenti.
460 593 626 651 Hanc
657 593 1010 652 sententiam
1037 590 1343 672 amplexus
1371 602 1460 649 est
1480 634 1496 664 ‚
1523 600 1592 647 ut
1612 587 1865 646 diximus
1887 633 1904 663 ,
1931 590 2002 647 D.
2033 587 2177 646 Car.-

47 688 198 747 riere
223 685 331 767 (l).
371 688 440 744 In
478 685 789 745 Germania
818 687 1039 768 pariter
1075 684 1235 767 apud
1269 706 1366 744 eos
1390 730 1405 759 .‚
1438 683 1542 766 qui
1569 682 1858 742 moderati
1893 682 2183 757 audiunt,

45 781 174 841 haec
205 781 473 840 doctrina
507 791 817 840 sectatores
848 791 1019 839 nacta
1047 790 1135 840 est
1161 780 1271 861 (2).
1310 777 1594 840 Nonnulli
1628 776 1873 837 demum
1905 778 2176 859 quamvis

47 875 414 958 Principibus
452 888 805 959 potestatem
846 876 1113 936 tribuant
1143 875 1541 936 constituendi
1569 873 2002 956 impedimenta
2032 874 2179 934 diri-

47 972 302 1046 mentia,
340 972 677 1031 existimant
708 981 946 1047 tamen,
983 993 1049 1032 ea
1087 971 1359 1031 facultate
1396 993 1492 1031 eos
1534 970 1621 1029 uti
1653 991 1775 1029 non
1812 990 1980 1051 posse
2003 1014 2021 1045 ,
2063 968 2178 1030 nisi

48 1080 352 1128 concurrat
383 1069 692 1129 auctoritas
736 1069 1019 1129 Ecclesiae.
1462 1147 1464 1149 q

128 1163 269 1222 229.
313 1165 448 1222 Jam
485 1185 624 1227 vero
656 1163 765 1223 soli
800 1164 1063 1224 Ecclesiae
1099 1175 1433 1246 competere
1472 1183 1644 1243 posse
1673 1161 2008 1222 facultatem
2035 1182 2177 1221 con-

48 1257 331 1317 stituendi
352 1304 368 1333 .‚
389 1263 525 1337 jure
552 1260 793 1341 proprio
815 1271 875 1319 et
899 1259 1208 1339 originario
1229 1304 1245 1334 ,
1281 1258 1705 1341 impedimenta
1730 1257 2178 1317 Matrimonium

45 1351 380 1412 dirimentia
395 1395 418 1425 ,
442 1374 568 1435 quae
602 1375 820 1436 nempe
845 1354 1102 1414 afficiant
1135 1355 1328 1436 ipsum
1356 1351 1655 1434 conjugale
1680 1351 1981 1413 vinculum
2003 1397 2021 1428 .,
2045 1364 2179 1412 tum

45 1467 114 1505 ex
142 1447 351 1506 intima
367 1449 451 1507 rei
466 1459 675 1507 natura
690 1454 859 1527 juxta
880 1449 1096 1510 Christi
1123 1448 1566 1532 dispositionem
1584 1494 1602 1526 ,
1627 1460 1758 1509 tum
1789 1471 1862 1509 ex
1884 1447 2179 1524 constanti

45 1541 308 1602 Ecclesiae
340 1543 603 1602 doctrina
626 1554 685 1603 et
707 1547 914 1626 praxi,
951 1555 1082 1604 tum
1105 1545 1360 1627 denique
1395 1566 1467 1604 ex
1492 1543 1876 1609 incommodis
1898 1588 1915 1619 ‚
1953 1564 2086 1624 quae
2113 1542 2182 1601 in·

41 1635 511 1696 adversariorum
540 1637 850 1720 hypothesi
881 1640 1203 1699 necessario
1237 1640 1565 1714 orirentur,
1606 1638 1950 1699 evincimuS.

124 1730 265 1790 230.
311 1734 390 1791 Ac
428 1733 490 1790 10
525 1733 763 1814 quidem
777 1755 850 1793 ex
874 1734 1104 1809 intima,
1144 1734 1216 1794 de
1249 1756 1363 1816 qua
1390 1734 1580 1814 agitur
1606 1778 1622 1808 ‚
1654 1733 1742 1793 rei
1776 1744 1986 1792 natura
2006 1737 2176 1811 juxta

49 1825 267 1884 Christi
306 1827 772 1909 dispositionem.
825 1831 1055 1888 Etenim
1103 1829 1403 1905 Christus,
1450 1834 1619 1907 juxta
1671 1829 1823 1888 dicta
1849 1873 1865 1902 .,
1892 1838 1894 1840 ’
1920 1828 2177 1890 officium

47 1930 270 1980 naturae
315 1943 413 1981 seu
460 1934 823 1983 contractum
864 1924 1234 2000 naturalem„
1280 1923 1512 2006 qualem
1563 1927 1717 1983 Deus
1761 1924 1883 2005 ipse
1920 1923 2176 1983 instituit

112 2153 175 2213 (1)
213 2151 347 2202 Hanc
367 2158 638 2204 sententiam
652 2159 774 2205 inter
797 2167 968 2206 ceteros
984 2168 1054 2205 te-

44 2228 247 2282 nuerunt
283 2246 390 2284 ante
429 2236 634 2288 Carriere
655 2274 672 2300 ‚
716 2238 970 2286 Gerbaesius
1003 2238 1056 2286 in

46 2332 118 2379 op.
155 2315 323 2364 Traite
355 2317 422 2365 du
444 2319 653 2384 pouvoir
694 2319 751 2367 de
782 2318 992 2385 I'quise
1015 2329 1059 2368 et

46 2395 127 2442 des
161 2399 357 2461 princes
394 2416 481 2448 sur
509 2400 573 2448 les
609 2402 959 2467 empecltemens
990 2402 1059 2450 du

47 2475 269 2542 Mariaqe
290 2516 302 2538 ‚
323 2496 421 2544 par
454 2467 536 2530 M.
579 2481 785 2530 Gerbais
808 2521 821 2543 ‚
852 2494 942 2532 etc.
972 2484 1060 2532 Pa·

46 2562 109 2607 ris
146 2557 291 2625 1696.
320 2561 431 2611 edit.
459 2580 547 2610 sec.
592 2562 673 2610 De
696 2563 916 2625 Sacram).
948 2562 1059 2612 Ma-

47 2642 180 2689 trim.
225 2653 388 2707 quaest.
429 2657 527 2703 vu,
575 2654 660 2692 art.
695 2661 724 2693 2
748 2682 761 2705 ‚
804 2646 956 2694 concl.
1002 2662 1018 2693 1
1043 2681 1060 2703 ,

48 2723 213 2772 Collet.
250 2723 329 2772 Dc
363 2722 582 2775 Matrim.
623 2744 723 2792 cap.
766 2726 831 2789 8,
867 2740 953 2778 art.
994 2743 1022 2775 2
1046 2766 1058 2788 ‚

47 2806 194 2854 concl.
217 2819 262 2868 13
293 2808 482 2856 demum
501 2808 545 2858 J.
573 2809 782 2859 Carriere
796 2828 874 2876 op.
906 2822 948 2859 et
970 2812 1059 2865 loc.

49 2889 126 2935 cit.
156 2888 215 2936 Hi
239 2906 400 2939 omnes
417 2930 435 2952 ,
474 2892 644 2957 aliique
675 2911 771 2941 non
797 2896 932 2958 pauci
954 2911 1061 2942 cum

48 2971 176 3037 ipsis,
194 2971 314 3020 hanc
327 2972 542 3022 tribuunt
561 2974 852 3041 Principibus
866 2986 1064 3041 potesta-

50 3057 146 3099 tem
180 3056 408 3103 statuendi
440 3057 701 3106 dirimentia
730 3059 1061 3124 impedimenta

53 3149 109 3182 ex
136 3135 364 3201 jureipsis
390 3141 572 3204 proprio
603 3143 828 3189 etinnato
852 3177 866 3199 ‚
894 3159 1059 3207 quam-

50 3219 118 3265 vis
148 3230 378 3280 asserant,
413 3223 599 3269 nonnisi
615 3222 850 3270 indirecte
874 3223 1062 3272 afficere

53 3297 402 3349 Matrimonium
424 3339 437 3362 ‚
454 3313 680 3368 quatenus
703 3302 1059 3352 Sacramentum

51 3389 117 3427 est
137 3416 154 3441 ‚
198 3398 306 3429 cum
344 3381 529 3431 illorum
572 3394 768 3449 potestas
806 3382 958 3433 solum
992 3385 1062 3434 di-

51 3472 171 3511 recte
202 3465 393 3528 attingat
415 3468 680 3531 conjugium
702 3477 837 3531 prout
866 3477 1058 3516 estcon-

49 3553 221 3592 tractus
238 3546 384 3594 civilis
402 3580 419 3607 ‚
441 3564 522 3596 seu
544 3558 594 3596 ut
610 3548 816 3614 loquitur
832 3548 1054 3612 Carriere‚

50 3629 186 3675 etiam
220 3638 357 3692 prout
403 3639 468 3677 est
511 3639 777 3679 contractus
806 3631 1064 3683 staturalis.

1145 2157 1367 2205 Nonnulli
1404 2167 1621 2221 praeterea
1645 2156 1877 2221 adjiciunt
1896 2190 1912 2216 ,
1945 2158 2187 2221 principes-

1147 2255 1205 2287 ex
1246 2241 1411 2303 pietate
1453 2254 1562 2304 erga
1608 2237 1859 2286 Ecclesiam
1896 2255 1923 2286 a
1962 2238 2179 2303 pluribus

1151 2321 1315 2369 seculis
1353 2321 1464 2368 huic
1491 2322 1702 2384 potestati
1745 2321 1963 2379 cessisse,
2013 2330 2058 2368 et
2088 2337 2171 2381 ea,

1148 2418 1252 2468 quae
1271 2411 1477 2466 spectant
1499 2401 1558 2448 ad
1581 2397 1869 2450 Matrimonii
1895 2401 2137 2456 vinculum
2156 2438 2177 2461 ,

1147 2484 1362 2531 Ecclesiae
1400 2483 1670 2547 reliquisse,
1709 2491 1792 2530 aut
1848 2481 2173 2532 saltemeadem

1149 2574 1368 2630 potestate
1394 2581 1469 2612 eos
1493 2566 1560 2610 uti
1579 2581 1672 2611 non
1688 2580 1819 2629 posse
1839 2566 1930 2612 nisi
1955 2581 2064 2612 cum
2090 2565 2172 2613 de-

1149 2645 1402 2711 pendentia
1422 2645 1481 2693 ab
1504 2645 1726 2695 Ecclesia.
1748 2645 1841 2694 Has
1864 2656 2018 2696 autem
2047 2646 2173 2695 limi-

1134 2734 1137 2738 “
1151 2731 1348 2778 tationes
1364 2746 1446 2778 seu
1461 2731 1787 2778 coarctationes
1800 2731 1973 2795 respuit
1987 2728 2051 2780 D.
2065 2729 2173 2780 Car-

1150 2814 1284 2870 riere,
1317 2813 1398 2859 cit.
1435 2821 1567 2860 tract.
1590 2808 1663 2859 De
1682 2808 1903 2862 Matrim.
1931 2822 2049 2878 part.
2080 2827 2135 2859 ιιι
2155 2850 2172 2873 ,

1150 2910 1245 2941 sec.
1272 2910 1301 2940 2
1326 2930 1339 2953 ,
1366 2910 1470 2958 cap.
1502 2908 1531 2941 2
1552 2929 1565 2952 ‚
1583 2911 1723 2949 num.
1746 2890 1838 2960 571
1862 2903 1908 2943 et
1939 2911 2070 2960 seqq.
2086 2893 2169 2942 ubi

1150 2986 1364 3040 praeterea
1383 2985 1546 3041 negat,
1566 2974 1815 3024 Ecclesiam
1840 2976 1929 3024 sibi
1946 2993 2170 3025 reservare

1149 3076 1279 3124 posse
1312 3059 1434 3107 hanc
1465 3061 1796 3118 auctoritatem.

1220 3142 1286 3206 (2)
1324 3141 1401 3190 Sic
1437 3145 1574 3191 sentit
1615 3142 1840 3202 Kiistner,
1880 3141 1962 3189 De
1997 3143 2167 3190 matri-

1149 3225 1338 3280 monio,
1364 3223 1487 3289 Lips.
1528 3220 1652 3271 1810
1675 3241 1689 3283 ;
1709 3233 1755 3272 et
1772 3222 1835 3274 D.
1858 3222 2128 3274 Pachmanu
2150 3262 2166 3282 ,

1148 3307 1197 3352 in
1226 3304 1385 3355 Pletz’
1407 3323 1430 3353 s
1469 3305 1606 3354 theol.
1638 3304 1688 3351 Z
1689 3303 1879 3353 eitschr.
1911 3321 1990 3353 seu
2013 3303 2064 3352 T
2056 3304 2164 3354 heo-

1146 3386 1315 3453 loqicis
1343 3386 1723 3454 ephemeridibus
1743 3385 1957 3447 Pletzii,
1974 3387 2066 3436 vol.
2091 3402 2126 3435 ιι
2142 3423 2157 3446 ,

1145 3487 1252 3536 pag.
1291 3468 1348 3517 15
1367 3505 1382 3529 ‚
1403 3469 1538 3517 Vien.
1574 3465 1730 3527 18333
1764 3467 1982 3518 Bucholtz
2010 3471 2061 3518 in
2086 3471 2163 3517 iis-

1144 3552 1250 3600 dem
1279 3549 1648 3616 ephemeridibus
1660 3568 1781 3600 anno
1804 3547 1960 3613 1836,
1990 3549 2081 3600 vol.
2107 3554 2159 3610 η’,

1148 3651 1252 3699 pag.
1288 3631 1363 3680 16.
