2612 4146
374 161 452 222 66
883 176 1214 218 'rueramus
1256 177 1325 213 ns
1369 176 1631 218 umnam
1675 164 1978 217 uncrlonn.

456 326 609 401 Quid
647 344 821 407 porro
861 320 935 383 de
977 319 1067 380 his
1105 316 1446 398 singillatim
1471 320 1841 383 verisimilius
1865 321 2224 384 censendum
2267 323 2341 383 sit
2360 368 2376 397 ,
2417 343 2492 384 ex

370 421 599 487 scholiis
619 467 637 498 ‚
669 440 799 501 quae
818 419 944 494 jam
965 411 1301 491 subjicimus
1324 458 1342 488 ,
1367 412 1613 496 patebit.

1255 629 1499 689 CAPUT
1544 630 1638 688 11.,

442 808 500 845 m
544 802 815 845 smGULAS
857 801 1215 843 SAGRAMEN'H
1261 802 1536 840 EXTREMAE
1581 802 1882 840 Unc'rloms
1911 803 2116 846 PARTES
2151 805 2408 846 SCHOLIA.

445 1000 545 1063 35.
601 1003 645 1060 1.
678 999 844 1059 Circa
865 998 1029 1057 istius
1053 999 1413 1058 Sacramenti
1433 998 1865 1058 institutionem
1887 996 2048 1080 apud
2077 1010 2301 1060 veteres
2328 1000 2494 1062 nulla

363 1096 606 1181 quaestio
637 1121 654 1170 3
693 1116 831 1155 cum
854 1094 992 1154 satis
1031 1091 1147 1152 illis
1177 1093 1354 1153 fuerit
1386 1092 1500 1153 olei
1534 1094 1720 1154 sancti
1747 1094 2089 1155 unctionem
2112 1094 2186 1154 ab
2213 1095 2493 1178 Apostolo

361 1205 658 1278 repetere,
710 1192 901 1253 donec
937 1190 1319 1275 sequentihus
1359 1190 1564 1251 seculis
1603 1191 1928 1251 scholastici
1962 1192 2261 1274 inquirere
2292 1214 2491 1276 coepe·

362 1302 508 1352 runt
532 1335 550 1368 ,
587 1300 790 1350 utrum
826 1288 1122 1365 ChristuS‚
1158 1309 1236 1347 an
1268 1308 1408 1348 vero
1438 1287 1787 1370 Apostolus,
1824 1299 2059 1370 accepta
2087 1310 2120 1347 a
2160 1288 2392 1350 Christo
2415 1290 2495 1350 ad

362 1387 426 1446 id
454 1384 695 1469 speciali
731 1385 1076 1444 auctoritate
1098 1430 1114 1459 .,
1160 1383 1257 1446 vel
1292 1384 1539 1444 interius
1567 1383 1788 1467 Spiritu
1816 1385 2030 1445 Sancto
2061 1385 2343 1462 docente,
2383 1385 2495 1446 hoc

361 1484 809 1543 Sacramentum
840 1481 1163 1541 instituerit
1198 1481 1328 1562 (1),
1377 1501 1479 1540 seu
1512 1492 1713 1540 utrum
1743 1479 2006 1540 Christus
2028 1480 2367 1542 immediate
2391 1493 2495 1542 aut

361 1576 614 1638 mediate
636 1577 959 1637 instituerit
987 1578 1323 1637 Extremam
1347 1576 1721 1637 Unctionem.
1767 1577 1835 1636 In
1869 1577 2056 1638 varias
2092 1588 2292 1638 autem
2328 1576 2494 1638 abie-

359 1684 500 1734 runt
541 1673 886 1733 sententias·
922 1674 1059 1732 Post
1086 1672 1498 1733 Tridentinum
1555 1672 1653 1734 vix
1698 1669 1955 1733 dubitari
2003 1693 2172 1754 posse
2217 1670 2452 1731 videtur
2472 1718 2489 1747 ,

360 1770 503 1852 quin
527 1769 792 1829 Christus
809 1768 1148 1829 immediate
1165 1768 1274 1829 hoc
1300 1769 1619 1829 instituerit
1634 1770 2101 1842 Sacramentum,
2127 1767 2286 1850 quod
2301 1768 2365 1827 B.
2397 1768 2495 1827 Ja-

354 1864 537 1928 cobus
564 1876 763 1948 postea
788 1864 1185 1947 promulgavit
1206 1865 1319 1947 (2).

441 1961 542 2021 36.
595 1965 668 2021 11.
703 1964 772 2020 In
807 1973 1108 2043 comperto
1157 1973 1281 2036 est,
1310 1961 1648 2035 materiam,
1687 1982 1867 2043 quam
1908 1970 2200 2019 remotam
2242 1970 2493 2034 vocant,

349 2065 519 2139 juxta
552 2060 609 2119 S.
635 2056 840 2118 Jacobi
884 2056 1062 2119 verba
1095 2057 1291 2117 oleum
1324 2078 1448 2117 esse
1480 2078 1552 2117 ex
1576 2056 1743 2117 olivis
1783 2075 2157 2138 expressum;
2194 2056 2306 2116 hoc
2334 2057 2497 2117 enim

361 2157 553 2217 solum
598 2155 713 2215 olei
755 2155 1033 2229 nomine7
1072 2154 1292 2236 absque
1327 2154 1448 2214 ullo
1489 2153 1726 2228 addito7
1774 2155 2150 2235 significatur.
2193 2157 2344 2215 Sane
2382 2154 2496 2215 olei

355 2251 651 2314 olivarum
685 2251 1088 2311 meminerunt
1115 2253 1448 2310 Graecorum
1473 2249 1810 2330 euchologia
1842 2249 1933 2329 (3)
1956 2294 1971 2324 7
2004 2249 2242 2309 rituales
2276 2248 2494 2309 latino-

356 2371 495 2409 rum
526 2347 663 2407 libri
689 2347 779 2428 (4)
805 2358 866 2407 et
889 2357 1117 2409 veteres
1150 2348 1371 2406 PatreS.
1408 2344 1580 2420 Quod
1608 2346 1656 2405 si
1680 2346 2022 2404 chrismatis
2047 2367 2163 2407 vox
2192 2345 2496 2406 interdum

359 2446 522 2528 apud
552 2457 782 2507 veteres
805 2443 1056 2504 occurrit
1076 2489 1092 2519 7
1120 2464 1256 2503 cum
1289 2464 1483 2503 sermo
1519 2453 1608 2502 est
1639 2441 1713 2501 de
1749 2441 1859 2501 hoc
1894 2442 2271 2502 Sacramento
2300 2489 2316 2518 ,
2367 2442 2494 2504 haec

361 2565 484 2619 non
515 2554 605 2603 est
640 2540 947 2603 referenda
969 2541 1085 2600 nisi
1106 2539 1183 2600 ad
1204 2539 1550 2599 unctionem
1567 2585 1582 2614 ,
1618 2558 1746 2620 quae
1768 2560 1801 2597 a
1825 2538 2037 2598 Graecis
2066 2542 2337 2599 chrisma
2357 2539 2498 2601 dici·

434 2775 502 2838 (1)
541 2775 747 2824 [tainter
761 2784 934 2824 ceteros
959 2777 1152 2825 sensisse
1169 2775 1389 2825 videntur
1539 2772 1612 2838 (3)
1661 2772 1765 2822 cfr.
1825 2771 2018 2820 Goarius
2078 2775 2128 2820 in
2167 2771 2493 2837 Eucholoqio‚

365 2858 412 2908 S.
441 2858 765 2910 Bonaventura
784 2894 798 2917 ‚
842 2856 1130 2915 Bruliferus‚
1178 2855 1392 2907 Perezius
1472 2873 1580 2921 pag.
1611 2852 1711 2920 435
1741 2863 1786 2903 et
1815 2872 1919 2919 pag,
1953 2850 2084 2918 436,
2133 2862 2237 2905 not.
2280 2853 2374 2918 253
2407 2854 2497 2905 Ar-

363 2943 539 3011 aliique
559 2958 657 2990 non
677 2942 812 3007 pauci
834 2940 1115 2992 scholastici.
1473 2937 1674 2999 cadius,
1718 2938 1800 2986 De
1833 2935 2091 2984 concordia
2122 2973 2137 2995 ‚
2174 2947 2264 2989 etc.
2301 2936 2387 2988 lib.
2434 2957 2493 2999 v,

435 3026 501 3090 (2)
541 3023 707 3074 Amolo
748 3023 1071 3088 Lugdunensis
1104 3021 1389 3087 Episcopus,
1473 3038 1577 3086 cap.
1613 3037 1664 3081 1,
1696 3018 1779 3067 ubi
1818 3018 1978 3070 scribit
2010 3035 2026 3071 ς
2057 3018 2274 3069 Materia
2310 3029 2379 3068 est
2394 3038 2497 3087 pu-

365 3112 451 3177 qui
487 3119 596 3157 ante
635 3116 894 3172 nongentos
924 3111 972 3155 et
1007 3105 1208 3170 amplius
1247 3122 1393 3153 annos
1475 3119 1585 3150 rum
1613 3100 1796 3160 oleum,
1827 3100 1955 3167 quod
1985 3117 2082 3149 mm
2115 3102 2178 3149 sit
2196 3104 2497 3169 permixtum

368 3186 758 3256 floruitinEpist.
769 3187 835 3236 ad
846 3185 1209 3238 Theodboldam
1222 3184 1393 3253 Episc.
1475 3201 1586 3234 cum
1609 3182 1726 3232 aliis
1755 3183 2051 3233 aromatibus
2082 3185 2241 3232 instar
2254 3188 2499 3252 unguenti

370 3273 726 3337 Linyonenssm
737 3279 991 3336 utrumque
1003 3270 1268 3335 conjunxit,
1282 3270 1394 3317 scri·
1481 3266 1898 3330 Confirmationis.
1935 3264 2014 3314 Sic
2049 3266 2218 3334 reliqui
2252 3270 2496 3334 scriptores

368 3354 484 3405 bens
513 3371 529 3403 ε
566 3340 631 3403 Si
663 3360 828 3402 autem
863 3360 908 3401 et
934 3350 1190 3416 languores
1238 3349 1398 3416 aliqui
1477 3347 1644 3398 Graeci.

368 3454 429 3486 ac
460 3436 728 3486 debilitates
757 3434 1020 3495 accidant,
1043 3435 1199 3500 juxta
1226 3430 1394 3482 Evan-
1546 3431 1612 3495 (h)
1650 3430 1749 3480 Cfr.
1777 3430 2036 3481 Matienius
2053 3469 2067 3492 ‚
2087 3429 2159 3481 De
2175 3432 2389 3499 antiquis
2403 3429 2495 3480 Ec-

365 3517 576 3587 gelicum
618 3526 664 3565 et
708 3516 1026 3584 apostolicum.
1054 3522 1355 3583 pra-ceptum
1375 3550 1390 3573 ‚
1476 3512 1633 3562 clesiae
1660 3513 1793 3563 ritib.
1827 3513 1910 3565 lib.
1943 3532 1958 3563 ι
1977 3553 1990 3576 ,
2031 3526 2148 3581 part.
2182 3532 2218 3563 ιι
2240 3552 2255 3577 ,
2292 3531 2396 3580 cap.
2433 3530 2491 3579 7,

361 3609 538 3668 proesto
553 3599 698 3647 babet
739 3601 1065 3667 unusquisque
1094 3606 1149 3647 ut
1185 3594 1394 3646 inducat
1475 3606 1562 3649 art.
1600 3593 1652 3659 4.

367 3682 675 3748 Presbyter&
693 3717 709 3746 ,
742 3690 831 3731 etc.
