2508 4120
580 180 703 216 cu.
756 179 835 217 lv.
886 178 954 215 ns
999 176 1368 216 nam-amomis
1414 176 1626 213 mxris.
1874 211 1877 214 ,
2050 151 2166 209 365

132 326 274 385 274.
324 325 567 383 Constat
615 323 790 402 igitur
824 367 839 395 ,
872 320 1031 402 quod
1067 318 1374 379 ostendere
1407 317 1814 399 proposuimus
1834 361 1850 387 ‚
1909 316 2168 396 conjugia

50 419 269 480 scilicet
315 416 747 477 Catholicorum
793 436 928 475 cum
972 412 1306 474 acatholicis
1358 411 1561 472 illicita
1613 411 1956 492 regulariter
2002 430 2126 470 esse
2152 455 2166 479 ,

55 525 259 596 utpote
296 513 414 593 juri
439 509 692 570 naturali
721 521 783 570 et
824 509 1026 570 divino
1064 506 1392 588 improbata
1412 549 1434 578 ,
1470 504 1755 588 atqueab
1789 497 2171 566 ecclesiastico

57 608 309 686 graviter
328 605 666 677 interdicta,
698 625 809 665 nec
836 601 1087 687 proinde
1118 601 1338 684 absque
1370 603 1531 682 gravi
1565 611 1802 682 peccato
1824 600 1959 659 iniri
1985 620 2170 682 posse.

891 764 1375 838 DIFFICULTATEs.

138 899 278 959 275.
303 898 435 977 obj.
459 899 600 971 Quae
621 897 695 957 de
705 902 840 975 jure
863 893 1119 955 naturali
1141 893 1546 976 proferuntur,
1563 898 1724 971 justo
1743 894 1995 976 amplius
2013 906 2177 955 aucta

62 1005 238 1068 sunt3
263 1015 394 1076 quae
413 1014 553 1056 vero
578 990 652 1052 de
668 995 801 1070 jure
829 989 1051 1059 divino,
1077 988 1152 1049 ad
1179 1010 1307 1049 rem
1328 999 1681 1071 praesentem
1698 1010 1821 1047 non
1843 990 2177 1070 pertinentt,

64 1111 192 1169 quae
216 1088 458 1148 demum
483 1108 554 1147 ex
586 1091 722 1165 jure
762 1083 1143 1146 ecclesiastico
1170 1096 1454 1164 urgentur
1474 1128 1491 1157 ,
1515 1105 1638 1142 non
1673 1083 1925 1165 amplius
1958 1086 2180 1165 vigent.

64 1185 213 1244 Sane
239 1185 301 1242 1⁰
325 1183 498 1242 nimis
527 1180 847 1265 probarent
866 1224 881 1253 s
903 1180 952 1239 si
977 1201 1173 1262 presse
1197 1180 1630 1262 acciperentur,
1654 1199 1781 1261 quae
1816 1200 1887 1239 ex
1912 1185 2045 1259 jure
2079 1202 2184 1240 na·-

65 1277 240 1337 turali
279 1277 651 1338 adducuntur
685 1285 1029 1356 argumenta
1050 1320 1065 1349 ,
1107 1295 1324 1357 nempe
1358 1272 1623 1334 absolute
1658 1285 1720 1334 et
1760 1275 1824 1333 in
1857 1275 2020 1334 omni
2050 1296 2185 1335 casu

69 1371 351 1450 ejusmodi
374 1370 663 1431 connubia
686 1369 886 1430 illicita
913 1391 1038 1430 esse
1057 1414 1074 1445 ,
1100 1363 1258 1452 quod
1289 1380 1489 1429 tamen
1513 1391 1708 1452 neque
1730 1369 2011 1430 Catholici
2042 1392 2186 1431 con-

68 1467 323 1526 tendunt
340 1492 358 1540 ς
375 1468 445 1524 20
465 1466 823 1547 experientia
836 1487 1036 1524 rerum
1060 1465 1325 1544 magistra
1346 1465 1485 1523 satis
1507 1464 1790 1539 ostendit,
1808 1487 1929 1525 non
1953 1487 2188 1548 semper

66 1560 220 1620 mala
257 1560 354 1620 illa
394 1582 465 1620 ex
513 1561 637 1620 istis
675 1560 951 1640 conjugiis
989 1559 1281 1641 profluere
1301 1604 1319 1633 ,
1365 1569 1468 1618 aut
1509 1559 1719 1618 saltem
1767 1559 1921 1619 facili
1961 1561 2189 1620 ratione

68 1656 383 1737 praecaveri
407 1675 617 1737 posse3
658 1653 725 1713 30
763 1674 833 1713 eo
857 1653 956 1715 vel
987 1654 1205 1732 magiS‚
1245 1651 1405 1735 quod
1439 1651 1706 1735 plerique
1744 1652 2048 1713 acatholici
2081 1654 2189 1712 in—

69 1749 404 1810 differentes
443 1771 506 1809 se
538 1744 842 1832 pr‘aebeant
886 1750 949 1807 in
992 1747 1283 1828 religionis
1335 1749 1604 1828 negotio,
1650 1770 1760 1808 nec
1807 1770 1876 1808 eo
1919 1747 2191 1808 laborent

70 1843 460 1904 intolerantiae
504 1844 698 1903 furore
727 1888 745 1918 ‚
809 1865 926 1925 quo
979 1842 1261 1902 Catholici
1316 1854 1589 1921 aguntur.
1639 1842 1708 1902 40
1759 1842 1946 1901 Multo
1993 1844 2190 1903 minus

75 1938 292 1998 thesim
316 1939 595 2001 evincunt
614 1982 631 2012 .,
667 1960 796 2019 quae
829 1937 1222 2020 praedicantur
1245 1936 1319 1997 de
1344 1941 1478 2015 jure
1514 1936 1753 2011 divino·;
1797 1936 2085 2020 siquidem
2122 1960 2191 1999 eo

66 2039 198 2112 jure
242 2033 431 2093 solum
463 2044 741 2093 vetantur
773 2033 1035 2112 conjugia
1070 2031 1334 2092 fidelium
1365 2053 1500 2091 cum
1535 2031 1904 2107 infidelibus,
1946 2033 2193 2094 ethnicis

81 2150 298 2210 nempe
318 2139 494 2210 atque
517 2127 868 2202 idololatris3
888 2126 1223 2186 nullatenus
1245 2148 1386 2187 vero
1406 2127 1707 2207 attingunt
1727 2126 2042 2203 connubia,
2066 2150 2194 2211 quae

70 2223 230 2282 'inter
274 2221 532 2283 diversas
570 2222 1038 2281 Christianorum
1088 2222 1531 2281 communiones
1566 2243 1669 2281 seu
1706 2223 2007 2283 societates
2041 2223 2194 2285 cele—

75 2316 232 2376 brari
261 2329 542 2399 possunt3
584 2317 651 2376 5⁰
687 2338 797 2377 nec
829 2317 891 2377 id
925 2316 1216 2399 pleraeque
1250 2317 1576 2376 sanctiones
1608 2315 2003 2378 ecclesiasticae
2024 2320 2196 2380 evin·-

78 2423 249 2483 cunt3
289 2413 354 2470 6⁰
376 2434 624 2492 quarum
656 2424 939 2492 praeterea
964 2411 1235 2493 plurimae
1266 2411 1502 2468 nonnisi
1519 2432 1548 2467 a
1567 2404 2014 2491 particularibus
2038 2414 2195 2473 Con—

81 2505 222 2564 ciliis
243 2506 572 2566 constitutae
596 2518 736 2564 sunt
753 2551 769 2579 ,
798 2526 908 2564 nec
923 2504 1171 2587 proinde
1195 2504 1317 2565 vim
1333 2504 1472 2585 legis
1488 2503 1764 2564 obtinent
1790 2528 1898 2588 pro
1922 2510 2195 2571 universa

82 2599 348 2659 Ecclesia.
400 2601 468 2659 70
514 2600 571 2658 Si
619 2621 748 2681 quae
809 2610 1007 2659 tamen
1057 2597 1132 2658 ab
1180 2600 1554 2660 oecumenicis
1611 2600 1881 2661 Conciliis
1926 2604 2197 2685 prodiere

81 2693 235 2773 leges
259 2740 274 2767 a
303 2706 509 2777 utpote
550 2693 980 2776 disciplinareS,
1012 2694 1327 2753 mutationi
1356 2693 1660 2773 subjacent
1681 2741 1698 2770 7
1746 2696 1865 2756 imo
1907 2701 2197 2760 contraria

83 2791 505 2849 consuetudine
530 2790 710 2849 etiam
739 2788 1028 2869 abrogatae
1050 2800 1206 2849 sunt.
1249 2791 1316 2849 80
1350 2791 1475 2849 Hoc
1499 2793 1824 2872 praesertim
1859 2815 1930 2853 ex
1955 2816 2024 2855 eo
2055 2817 2198 2855 con·

84 2896 200 2945 stat
218 2929 233 2960 ,
273 2884 429 2966 quod
449 2930 464 2958 ,
490 2885 629 2967 ipsis
658 2885 932 2944 Romanis
955 2883 1332 2944 Pontificibus
1350 2885 1749 2946 annuentibus
1767 2933 1783 2961 .,
1806 2910 1927 2948 non
1948 2890 2197 2973 amplius

85 2992 390 3041 serventur
422 2980 783 3040 conditiones
818 2979 893 3039 ab
928 2981 996 3040 iis
1039 2982 1428 3063 praescriptae,
1465 2982 1789 3060 cujusmodi
1827 3005 1919 3044 ex.
1976 3009 2058 3065 gr.
2114 2998 2199 3047 est

87 3075 391 3156 promissio
421 3074 722 3134 acatholici
756 3075 1070 3157 profitendi
1107 3075 1287 3136 fidem
1314 3075 1678 3138 catholicam.
1706 3080 1869 3159 Ergo,

169 3169 308 3228 276.
356 3171 530 3251 Resp.
558 3170 710 3249 Ney.
740 3182 866 3229 ant.
901 3171 989 3230 Ad
1014 3171 1094 3229 1¹¹¹
1116 3170 1283 3253 prob.
1305 3171 1457 3252 Ney.
1491 3172 1705 3232 Eadem
1735 3175 1952 3233 etenim
1978 3176 2198 3237 theoria

90 3263 183 3321 hic
199 3263 377 3342 viget,
402 3283 528 3344 quae
560 3263 754 3322 locum
780 3263 962 3339 habet
985 3266 1047 3323 in
1067 3266 1273 3346 quavis
1304 3288 1366 3325 re
1387 3267 1613 3342 morali,
1644 3290 1780 3328 cum
1804 3271 1991 3349 agitur
2011 3270 2085 3332 de
2105 3294 2195 3349 e0‚

91 3356 247 3437 quod
273 3369 481 3416 natura
513 3380 614 3418 sua
641 3381 763 3440 prae
786 3381 847 3418 se
877 3359 989 3419 fert
1015 3360 1331 3420 imminens
1372 3362 1647 3443 peccandi
1669 3364 2016 3444 peri-culum,
2032 3372 2199 3446 juxta

91 3449 235 3508 illud
252 3451 461 3511 Eccles.
484 3475 498 3510 ε
525 3453 651 3532 Qui
671 3466 843 3512 amat
846 3456 1219 3534 periculum,
1237 3461 1307 3515 in
1331 3459 1434 3516 illo
1449 3459 1697 3535 peribit.
1722 3459 1790 3517 In
1813 3458 1922 3519 hoc
1951 3464 2198 3544 proinde

92 3566 224 3602 casu
260 3544 352 3604 lex
393 3546 672 3606 naturalis
707 3568 807 3626 seu
840 3549 964 3631 ipsa
1011 3552 1359 3611 conscientia
1403 3552 1670 3634 praecipit
1695 3552 1842 3613 illud
1870 3556 2084 3631 vitare,
2122 3578 2200 3615 ne

93 3641 220 3724 quis
257 3661 317 3700 se
347 3639 578 3719 oinciat
614 3641 872 3705 evidenti
908 3655 1137 3706 aeternae
1160 3646 1360 3707 salutis
1401 3645 1761 3726 discrimini,
1790 3671 1855 3711 ac
1891 3662 2200 3734 propterea
