2612 4146
911 242 1408 282 mnumnmunum
1449 244 1637 282 nono.
2298 226 2334 285 3

231 385 482 465 gentiam
530 382 849 464 simplicem
897 384 1187 444 canonicae
1241 384 1606 467 poenitentiae
1655 382 2074 446 relaxationem
2106 389 2169 446 in
2210 389 2335 449 foro

230 479 515 538 duntaxat
557 488 797 537 externo
841 478 1092 539 validam
1112 526 1128 551 .,
1169 481 1391 558 verum}
1411 479 1587 539 etiam
1616 480 1679 538 in
1713 480 1838 539 foro
1872 481 2106 542 interno
2142 493 2202 543 et
2235 506 2334 544 co-

228 596 355 633 ram
382 577 534 647 Dec,
567 593 668 632 seu
698 594 819 632 esse
852 574 1248 634 remissionem
1289 573 1597 655 partialem
1630 586 1731 634 aut
1772 575 2012 635 totalem
2046 577 2199 637 illius
2239 601 2334 638 sa·-

229 668 617 738 tisfactioniS‚-
642 688 817 748 quarn
850 667 926 726 ob
964 679 1217 750 patratas
1256 666 1455 748 culpas
1485 669 1705 729 sivein
1746 669 1856 729 hac
1893 672 2014 732 sive
2058 673 2121 730 in
2153 673 2334 734 altera

227 764 349 822 vita
389 762 715 842 persolvere
755 763 968 824 divinae
996 764 1232 842 justitiae
1267 773 1574 835 tenemur3
1620 762 1687 821 40
1719 785 1840 823 non
1872 765 2061 825 solum
2087 769 2339 848 turpiter

227 878 443 917 errasse
472 858 812 918 Waldenses
832 905 848 934 ,
887 857 1221 918 Wicleffitas
1240 901 1256 928 ‚
1286 856 1644 915 Lutheranos
1669 868 1728 916 et
1758 857 2105 920 Calvinistas
2123 907 2141 939 ‚
2169 863 2336 923 alios-

227 974 339 1034 que
374 954 473 1033 qui
509 952 581 1012 ab
620 955 743 1012 istis
781 953 892 1012 orti
926 963 1102 1025 sunt,
1141 950 1475 1010 facultatem
1508 950 1768 1011 Ecclesiae
1808 974 1841 1011 a
1875 954 2104 1015 Christo
2138 957 2338 1017 datam

228 1068 351 1106 esse
399 1047 754 1108 concedendi
803 1045 1198 1125 Indulgentias
1254 1046 1642 1125 deneganteS.,
1689 1046 1793 1107 sed
1836 1059 1895 1107 et
1938 1070 2068 1109 cum
2134 1053 2342 1114 iisdem

228 1141 510 1203 haereticis
547 1141 798 1221 graviter
822 1140 1012 1222 lapsos
1042 1162 1166 1200 esse
1195 1142 1554 1200 Jansenistas
1575 1186 1592 1216 ,
1624 1142 2029 1219 PistorienseS‚
2068 1149 2340 1207 nonnul-

228 1237 426 1318 losque
453 1237 760 1317 scriptores
775 1236 1097 1295 neotericos
1121 1281 1136 1310 ,
1163 1248 1293 1295 tum
1324 1237 1470 1295 circa
1487 1236 1989 1317 indulgentiarum
2015 1241 2338 1322 notionem,

228 1331 369 1390 dum
393 1352 488 1390 eas
511 1342 809 1391 coarctant
837 1331 914 1390 ad
948 1328 1130 1390 solam
1154 1332 1519 1412 poenitentiae
1556 1334 1848 1393 canonicae
1883 1333 2299 1396 relaxationem
2318 1384 2335 1413 ,

228 1436 356 1484 tum
388 1427 536 1486 circa
561 1426 903 1486 thesaurum
939 1426 1199 1486 Ecclesiae
1219 1471 1236 1501 ,
1262 1448 1438 1507 quem
1475 1426 1658 1488 veluti
1685 1427 2157 1490 scholasticorum
2191 1452 2346 1493 com·

225 1532 495 1579 mentum
540 1521 891 1596 traducunt,
946 1533 1076 1580 tum
1111 1523 1255 1581 circa
1299 1521 1801 1602 Indulgentiarum
1841 1523 2102 1585 valorem
2148 1529 2342 1608 quoad

225 1616 448 1676 animas
482 1616 892 1676 defunctorum
915 1662 931 1691 ‚
962 1638 1138 1698 quem
1168 1615 1401 1676 nullum
1440 1638 1563 1676 esse
1600 1629 1943 1693 autumant3
1991 1620 2058 1678 50
2083 1620 2339 1704 denique

225 1732 298 1771 ex
326 1712 527 1771 eadem
542 1711 881 1771 definitione
897 1711 1142 1794 patebit7
1172 1735 1288 1794 quo
1306 1712 1432 1772 loco
1449 1711 1655 1773 haberi
1672 1713 1927 1775 debeant
1951 1726 2037 1774 tot
2055 1715 2139 1775 illi
2164 1717 2340 1778 haere-

229 1807 474 1866 ticorum
491 1818 665 1888 atque
679 1807 1114 1868 incredulorum
1129 1807 1434 1867 calumniae
1454 1819 1516 1867 et
1530 1821 1843 1868 scommata
1860 1857 1875 1885 ,
1897 1809 2108 1892 quibus
2140 1813 2340 1872 etiam-

183 1976 186 1979 ·
227 1923 372 1960 num
429 1901 827 1982 Indulgentias
885 1924 1207 1984 earumque
1245 1902 1738 1984 dispensationem
1791 1905 2156 1966 insectantur
2202 1920 2338 1967 tan-

225 2018 402 2077 quam
434 1999 624 2056 omnis
665 2001 1025 2057 moralitatis
1041 2042 1063 2070 ,
1105 2009 1171 2056 ut
1207 1998 1405 2075 aiu-nt,
1445 2000 1733 2059 eversivas
1762 2043 1780 2070 ,
1820 2022 2065 2082 quaeque
2095 2023 2337 2064 omnem

225 2094 501 2175 peccandi
531 2094 825 2153 licentiam
865 2095 1163 2167 tribuant;
1199 2094 1457 2176 quidque
1500 2086 1873 2156 sentiendum
1907 2099 1981 2156 sit
2012 2097 2084 2157 de
2129 2099 2338 2159 Indul-

223 2190 431 2268 gentiis
450 2188 580 2265 illis,
603 2210 743 2270 quas
759 2190 973 2270 passim
996 2189 1172 2271 pleno
1195 2211 1294 2248 ore
1309 2191 1825 2272 protestantesper
1835 2196 2333 2273 anticipationem

219 2282 346 2343 dari
372 2284 435 2342 in
468 2283 712 2343 Ecclesia
738 2286 998 2343 Romana
1026 2284 1216 2344 adhuc
1243 2284 1517 2344 effutiunt
1541 2287 1653 2365 (l).

301 2378 356 2438 3.
403 2380 536 2439 Haec
564 2400 792 2438 summa
819 2379 1099 2440 doctrinae
1135 2379 1428 2439 catholicae
1465 2392 1555 2439 est
1579 2382 1726 2440 circa
1761 2382 2190 2463 Indulgentiae,
2237 2386 2333 2444 cui

219 2474 586 2534 vincidandae
618 2495 857 2557 operam
883 2492 1102 2535 navare
1136 2475 1563 2534 constituimus,
1603 2477 1690 2534 Ne
1727 2488 1924 2536 tamen
1956 2479 2019 2535 in
2054 2477 2167 2536 hac:
2196 2479 2335 2537 satis

290 2665 352 2727 (l)
392 2664 455 2713 Ut
484 2666 719 2734 specimen
749 2665 942 2730 aliquod
980 2640 1229 2712 exhibeam
1307 2681 1402 2728 per
1427 2665 1850 2730 anticipationem.
1872 2667 2106 2715 Attamen
2125 2682 2224 2715 non
2249 2685 2328 2717 co:-

218 2744 276 2793 de
307 2748 564 2810 anticipatis
596 2746 801 2811 judiciiS‚
828 2747 997 2811 quibus
1025 2735 1229 2810 plerique

216 2825 520 2876 Protestantes
561 2828 772 2875 laborant
815 2829 932 2876 circa
973 2829 1227 2876 doctrinam

217 2909 491 2957 catholicam
525 2908 946 2973 de-Indulgentiis,
968 2927 1063 2958 non
1095 2912 1227 2975 equi-

217 2990 323 3039 dem
373 2990 575 3039 alienum
610 2991 840 3056 aliquem,
882 2992 961 3040 sed
987 2991 1224 3039 hominem

210 3078 536 3136 protestantem
554 3082 713 3120 testem
732 3072 852 3120 dabo
873 3110 886 3132 ,
912 3076 990 3138 qui
1011 3076 1058 3119 in
1078 3073 1223 3125 Revi-

212 3153 346 3200 n'one
375 3152 693 3211 Britannica,
708 3172 830 3202 anno
852 3152 993 3221 1829,
1011 3166 1129 3203 tom.
1147 3173 1218 3214 ιιι,

217 3248 321 3295 pag.
356 3249 440 3282 101
467 3245 510 3282 et
535 3251 632 3299 seq.
666 3236 824 3283 scribit
852 3253 865 3283 τ
896 3235 1055 3300 Anyli
1076 3239 1222 3285 etiam

215 3310 437 3361 doctiores
451 3317 503 3362 in
514 3315 804 3381 deploranda
817 3325 1071 3365 versantur
1085 3319 1220 3382 ἑρπο-

215 3395 376 3440 rantia
423 3395 691 3460 doqmatum
738 3398 988 3446 chistianae
1023 3398 1224 3463 reliqio-

214 3476 296 3522 nia
308 3495 326 3531 ;
342 3490 418 3523 ex.
432 3492 507 3539 9⁹·-
533 3494 670 3526 nemo
688 3479 789 3544 sere
805 3497 931 3528 unus
947 3481 1214 3541 invenitur,

215 3555 492 3621 incipiendo
520 3573 549 3604 a
560 3568 701 3624 pocta
720 3561 929 3610 laureato
956 3559 1215 3626 (Southey)

218 3653 364 3701 usque
397 3637 462 3685 acl
487 3638 710 3702 infimum
720 3644 949 3708 paroecioe
968 3642 1212 3706 clericum,

217 3720 307 3781 qui
341 3719 485 3782 fidem
518 3736 616 3769 non
651 3732 846 3787 praeatct
888 3721 1214 3789 Indulqentiie

1316 2748 1416 2795 lum
1451 2765 1549 2795 non
1589 2749 1914 2797 conceduntur
1958 2751 2196 2816 ej‘nomodi
2234 2755 2331 2801 In»-

1314 2829 1603 2895 dulqentioe„
1633 2833 1714 2879 sed
1751 2835 1905 2880 vetitoe
1937 2843 2171 2898 praeterea
2209 2845 2327 2884 sunt

1311 2920 1357 2959 et
1378 2915 1659 2979 proscriptae
1683 2914 1831 2962 veluti
1856 2919 2110 2963 contrarioe
2128 2918 2325 2982 princi-

1302 2995 1408 3059 piis
1444 2994 1897 3059 fundamentalibus
1942 2997 2177 3046 Ecclesiae·
2219 2999 2315 3047 Ro-

1308 3092 1486 3125 manoe.
1551 3076 1640 3143 Qui
1688 3078 1857 3127 deinde
1903 3079 2080 3127 ibidem
2126 3079 2320 3144 aubjicit

1307 3159 1562 3207 anecdoton
1587 3160 1819 3225 quoddam
1840 3178 1977 3208 suum
2003 3161 2060 3208 de
2085 3160 2316 3227 colloquio

1307 3243 1426 3288 circa
1463 3239 1807 3290 Confessionem
1852 3259 1959 3289 cum
1994 3252 2197 3290 matrona
2235 3260 2314 3291 ro-

1306 3338 1442 3370 mana
1470 3322 1659 3382 habito,
1693 3340 1801 3370 cum
1830 3322 1987 3369 Romae
2015 3333 2269 3372 versaretur
2300 3361 2315 3386 ‚

1306 3412 1356 3450 ut
1391 3404 1598 3451 ostendat
1628 3402 1805 3453 nullam
1841 3420 1865 3450 a
1910 3402 2154 3453 Catholicis
2174 3442 2189 3464 ‚
2214 3408 2309 3454 imo

1302 3494 1346 3531 ct
1378 3486 1638 3549 sacrilegam
1675 3502 1773 3533 eam
1812 3482 2158 3535 confessionem
2199 3504 2312 3537 cen-

1302 3568 1388 3615 seri
1407 3603 1420 3627 ‚
1445 3582 1546 3633 quae
1563 3565 1740 3632 absque
1759 3567 1958 3616 sinceroe
1987 3569 2306 3616 conversionis

1301 3650 1532 3713 proposito
1550 3657 1814 3712 peragatur.

2023 3799 2074 3854 1.
