2612 4146
379 139 456 197 90

1090 161 1411 201 'msc'rA'rUs
1457 166 1522 201 DE
1566 165 1790 203 onnlms.

1239 330 1724 378 mFFICUL'rATES.

461 457 558 517 37.
604 457 737 535 Obj.
759 456 950 539 prima
969 502 986 533 ,
1019 456 1300 519 adversus
1323 459 1577 542 primam
1602 473 1851 543 partem.
1891 463 1954 522 1⁰
1982 460 2202 521 Nullibi
2228 462 2292 521 in
2315 464 2511 524 Evan-

375 552 524 634 gelio
547 564 647 612 aut
670 552 900 632 scriptis
919 553 1331 637 Apostolorum
1353 601 1368 630 ,
1397 554 1778 618 Sacerdotum
1809 559 2031 618 mentio
2056 559 2152 633 fit,
2181 557 2274 619 vel
2293 580 2513 620 nomen

375 648 624 708 occurrit
646 646 963 708 Sacerdotii
984 650 1222 733 proprie
1246 648 1405 710 dicti.
1433 651 1502 709 20
1532 651 1878 733 Apostolus,
1905 653 2055 714 Heb.
2097 654 2229 728 VII,
2261 653 2340 712 24
2366 700 2382 728 .,
2414 675 2511 714 eos

375 754 577 826 aperte
609 743 902 821 excludit,
945 768 1080 806 cum
1120 746 1355 807 nullum
1391 746 1573 807 alium
1615 747 1987 808 Sacerdotem
2028 750 2091 808 in
2135 751 2303 810 Novo
2349 749 2507 813 Test.

375 839 654 900 admittat
689 854 903 925 praeter
938 843 1278 920 Christum,
1320 846 1422 929 qui
1450 892 1466 921 ,
1506 867 1566 905 eo
1602 847 1765 925 quod
1798 857 2045 905 inaneat
2077 852 2147 906 in
2185 858 2514 917 oetcrnum,

372 942 803 1018 sempiternum
842 941 1019 1001 habet
1050 943 1491 1002 Sacerdotium.
1532 942 1598 1002 30
1639 941 1811 1017 Quod
1842 941 2082 1024 quidem
2113 964 2186 1003 ex
2220 944 2361 1026 ipsis
2401 945 2513 1002 Ca-

374 1032 729 1096 tholicorum
766 1037 1069 1120 principiis
1111 1037 1289 1119 plane
1326 1039 1651 1098 conficitur.
1699 1038 2041 1118 Cujusmodi
2079 1039 2240 1099 enim
2278 1049 2366 1098 est
2406 1040 2512 1098 Sa-

374 1130 697 1209 crificium,
742 1133 1030 1211 ejusmodi
1077 1145 1165 1194 est
1210 1133 1656 1209 Sacerdotium3
1700 1157 1837 1195 cum
1876 1148 2083 1195 mutuo
2111 1134 2187 1194 ad
2223 1154 2347 1194 sese
2392 1133 2518 1193 haec

374 1226 726 1286 referantur.
785 1228 966 1311 Atqui
1005 1228 1067 1287 in
1121 1230 1483 1290 conficienda
1531 1231 1890 1291 Eucharistia
1941 1255 2064 1292 non
2119 1253 2363 1305 verum,
2412 1227 2516 1289 sed

374 1322 689 1402 mysticum
732 1334 968 1383 tantum
1012 1325 1369 1386 Sacrificium
1414 1327 1662 1388 offertur
1705 1338 1882 1411 atque
1927 1327 2513 1411 repraesentativumt,

373 1418 667 1500 siquidem
698 1442 823 1480 non
851 1442 991 1483 vere
1017 1433 1324 1506 separatur
1347 1424 1591 1504 Sanguis
1625 1446 1659 1485 a
1699 1425 1955 1508 Corpore
1987 1425 2050 1484 in
2079 1423 2331 1484 Christo.
2369 1424 2517 1502 Ergo

373 1516 612 1575 nonnisi
661 1518 975 1599 mysticum
1007 1530 1069 1579 et
1101 1520 1654 1604 repraesentativum
1695 1519 1819 1582 esse
1863 1530 2058 1604 potest
2093 1521 2155 1580 in
2177 1521 2340 1581 Nova
2367 1518 2517 1599 Lege

373 1611 798 1673 Sacerdotium.

459 1705 560 1767 38.
610 1709 785 1792 Resp.
822 1710 914 1770 Ad
949 1712 1067 1786 1¹1¹,
1100 1713 1263 1772 Dist.
1299 1713 1358 1772 Si
1398 1733 1603 1775 vocem
1639 1723 1864 1797 spectes
1886 1759 1903 1790 ,
1945 1733 2133 1782 conc.;
2164 1712 2212 1771 si
2252 1732 2380 1770 rem
2406 1730 2514 1792 per

376 1803 544 1864 illam
567 1827 771 1867 vocem
794 1809 1178 1888 significatam
1196 1855 1213 1886 ,
1252 1833 1384 1891 neq.
1408 1812 1545 1870 Jam
1570 1831 1707 1871 vero
1736 1809 2129 1871 controversia
2164 1818 2366 1867 nostra
2392 1829 2516 1865 non

373 1911 464 1959 est
493 1900 570 1964 de
608 1905 889 1980 nomine,
926 1904 1031 1964 sed
1067 1904 1142 1966 de
1176 1927 1276 1980 re3
1314 1906 1592 1988 quoniam
1635 1928 1773 1967 vero
1811 1906 2131 1966 adversarii
2166 1904 2352 1964 nostri
2392 1925 2513 1962 non

373 1997 644 2075 rejiciunt
686 1999 1088 2072 Trinitatem,
1122 2014 1226 2061 aut
1256 2002 1383 2063 Filii
1415 2025 1517 2064 seu
1554 2002 1724 2063 Verbi
1757 2025 1892 2064 cum
1919 2005 2089 2063 Patre
2117 2002 2515 2063 consubstan-

374 2096 695 2156 tialitatem
715 2145 733 2168 ,
767 2096 996 2180 aliaque
1020 2097 1316 2179 religionis
1349 2110 1566 2160 nostrae
1593 2098 1898 2180 dogmata,
1938 2099 2076 2159 licet
2111 2098 2237 2159 haec
2270 2098 2512 2157 nomina

372 2342 563 2392 studere
578 2342 767 2405 debent,
786 2346 910 2393 utin
927 2343 1225 2411 adjutorium
1251 2348 1402 2411 Moy-

374 2428 444 2474 sis
468 2435 511 2474 et
535 2426 785 2475 duodecim
805 2426 1175 2493 Apostolorum,
1201 2425 1404 2494 Episco-

365 2526 545 2575 porum
580 2509 832 2565 videlicet.
875 2513 964 2576 qui
992 2527 1087 2577 per
1112 2511 1333 2576 Moysem
1361 2521 1406 2561 et

374 2592 629 2659 Apostolos
653 2594 937 2658 fiqurantur
963 2631 977 2655 ,
1007 2593 1153 2659 dique
1178 2611 1272 2660 per
1289 2611 1405 2659 yra-

374 2679 494 2724 tiam
512 2677 617 2725 Dei
638 2677 757 2743 eliqi
778 2678 986 2728 valeant.
1006 2678 1157 2746 Atque
1173 2679 1272 2727 haec
1294 2681 1404 2746 qui·

374 2760 482 2808 dem
516 2754 858 2810 ferventissima
888 2773 995 2811 vota
1042 2772 1154 2811 sunt
1186 2759 1405 2811 Ecclesiae

375 2842 613 2892 catholicas
630 2881 643 2904 ‚
665 2860 771 2910 quae
787 2854 1030 2910 propterea
1056 2846 1106 2893 in
1136 2843 1280 2893 Cone.
1298 2844 1405 2892 Tri·

374 2927 585 2988 dentino,
601 2946 712 2978 sess.
728 2942 864 2990 xxm,
879 2945 978 2993 cap.
1009 2925 1085 2991 14,
1107 2926 1188 2975 De
1204 2928 1401 2992 reform.

373 3009 607 3071 decrevit,
631 3020 684 3059 ut
711 3011 769 3060 ad
787 3009 1141 3078 presbyteratus
1175 3009 1403 3060 Ordinem

374 3106 693 3156 assumantur,
710 3098 790 3162 qui
806 3094 873 3143 ad
880 3093 1121 3161 populum
1138 3094 1405 3143 docendum

373 3188 418 3227 et
430 3177 828 3227 administranda
838 3177 1166 3235 Sacramenta,
1177 3176 1407 3243 diliqeuti

374 3264 603 3310 examine
622 3260 926 3329 proecedoute
948 3298 962 3319 ,
992 3260 1160 3309 idonei
1187 3277 1404 3326 compro-

375 3344 577 3402 bentur,
624 3355 764 3411 atque
819 3346 889 3393 ita
930 3345 1112 3411 pietate
1156 3361 1214 3392 ac
1257 3345 1404 3391 castis

374 3427 590 3475 moribus
620 3429 902 3495 conspicui,
929 3435 984 3476 ut
999 3425 1294 3494 proeclarum
1320 3426 1401 3474 bo·-

375 3526 549 3558 norum
565 3526 763 3576 operum
779 3509 1047 3577 exemplum
1066 3545 1083 3571 ,
1112 3517 1158 3557 et
1171 3510 1283 3557 vitoe
1301 3524 1403 3557 mo-

376 3594 484 3641 nita
513 3592 574 3640 ab
613 3594 682 3640 eis
709 3596 901 3659 possint
934 3592 1218 3661 exspectari.
1249 3590 1407 3658 Atque

376 3677 476 3726 haec
510 3675 699 3743 quidem
729 3679 1061 3742 sapientissime
1087 3694 1113 3726 a
1135 3674 1407 3725 Tridentina

1487 2344 1679 2412 Synodo
1729 2348 1975 2395 constituta
2021 2356 2163 2407 sunt,
2204 2362 2312 2413 quae
2356 2356 2513 2395 tamen

1487 2429 1679 2478 ulterius
1704 2446 1936 2495 progressa
1960 2446 2057 2477 non
2081 2440 2164 2478 est.
2195 2428 2371 2478 Verum
2390 2428 2512 2477 intra

1486 2511 1571 2561 hos
1599 2513 1718 2562 fines
1747 2514 1944 2560 minime
1981 2530 2028 2561 se
2058 2514 2333 2560 continuere
2362 2511 2510 2560 Pisto-

1485 2598 1660 2645 rienses
1687 2615 1707 2653 ;
1745 2613 1800 2644 eo
1840 2597 1966 2645 enim
2012 2597 2281 2644 temeritatis
2314 2596 2513 2645 devene-

1489 2687 1600 2727 runt
1618 2716 1631 2739 ‚
1663 2689 1716 2727 ut
1746 2696 1878 2745 prop.
1918 2695 1994 2726 ιιιι
2022 2676 2347 2727 Ecclesiasticae
2372 2679 2511 2726 disci-

1486 2762 1624 2827 plinae
1662 2761 1973 2826 corruptelam
1998 2796 2012 2819 ,
2059 2778 2150 2827 qua
2183 2771 2314 2809 vetus
2359 2757 2508 2809 eccle·

1491 2845 1658 2895 siastici
1709 2844 1884 2893 ordinis
1935 2844 2081 2892 decus
2126 2844 2463 2909 propemodum
2493 2881 2507 2904 ‚

1486 2937 1538 2975 ut
1565 2928 1598 2975 ii
1620 2927 1813 2993 quidem
1828 2928 1959 2975 aiunt
1977 2962 1991 2985 ‚
2010 2929 2267 2975 extinctum
2287 2938 2375 2985 est,
2398 2945 2508 2976 cum

1488 3010 1589 3059 aliis
1617 3011 1800 3069 causis,
1842 3019 1941 3058 tum
1975 3010 2044 3058 illi
2085 3012 2226 3057 etiam
2268 3010 2507 3072 tribuant,

1484 3091 1611 3157 quod
1655 3107 1891 3139 recessum
1925 3091 1990 3139 sit
2014 3108 2046 3139 a
2072 3093 2222 3139 veteri
2248 3093 2470 3141 instituto
2498 3130 2512 3154 ,

1485 3192 1577 3240 quo
1605 3176 1685 3237 (ut
1720 3176 1783 3223 ait
1808 3173 2047 3240 synodus,
2087 3171 2112 3239 3
2163 3174 2244 3234 3.)
2282 3174 2507 3224 Ecclesia

1485 3258 1716 3306 insistens
1744 3255 1971 3322 Apostoli
2015 3257 2227 3321 vestiqiis
2261 3259 2506 3306 nemiuem

1485 3339 1885 3389 adSacerdotium
1897 3339 2247 3387 admittendum
2258 3348 2505 3396 statuerat,

1485 3425 1590 3472 uisi
1606 3425 1694 3489 qui
1719 3430 2039 3472 conservasset
2054 3423 2380 3471 innocentiam
2399 3421 2509 3486 bap·

1490 3506 1748 3556 tismalem.
1807 3506 1920 3572 Quae
1971 3509 2222 3572 propositio
2273 3507 2435 3555 merito
2482 3521 2509 3551 a

1490 3589 1570 3638 Pio
1607 3589 1709 3652 VI,
1757 3592 1808 3638 in
1847 3589 2007 3638 Const.
2053 3588 2312 3638 Auctorem
2350 3587 2505 3650 fidei,

1491 3672 1740 3722 damnatur
1775 3681 1825 3721 ut
1846 3670 2004 3736 salsa,
2039 3670 2321 3729 temeraria,
2345 3678 2434 3717 etc.
