2508 4120
263 109 384 170 402
901 125 1227 164 ‘rnAcrAros
1273 127 1340 163 nn
1387 127 1766 166 narnmomo.

259 274 525 334 Admissa
563 271 724 329 enim
747 270 1053 345 cautione,
1083 293 1263 353 quam
1316 271 1599 331 Catholici
1642 272 1925 352 exigunt,
1945 319 1950 323 .
1972 273 2013 331 ii
2063 278 2398 339 conditione

260 376 569 428 uterentur
599 363 788 424 multo
820 363 1063 425 meliore
1082 411 1099 441 ‚
1127 387 1387 449 opesque
1416 389 1533 428 suae
1567 366 1862 448 religionis
1898 390 2019 428 non
2052 371 2229 431 modo
2254 395 2401 435 con·-

263 465 600 534 firmarent,
636 459 739 520 sed
783 460 964 520 etiam
1000 474 1302 542 augerent.
1346 464 1472 523 Huc
1507 485 1648 523 sane
1671 464 1874 523 «tendit
1909 463 2158 525 Ecclesia
2194 469 2401 530 catho-

262 559 369 618 lica
389 603 406 634 ,
446 578 576 639 quae
604 555 714 616 hac
742 559 968 617 ratione
1004 571 1315 636 promovet
1342 581 1472 618 eam
1495 605 1510 628 ,
1551 581 1732 641 quam
1771 571 1986 621 vocant
2020 565 2273 622 tacitam
2300 587 2406 626 re·-

248 657 683 733 formationem
710 698 726 727 ,
773 674 904 735 quae
953 654 1171 713 sensim
1226 654 1469 735 quidem
1503 700 1518 729 ,
1570 666 1660 714 ast
1708 675 1867 715 certo
1922 655 2085 716 illam
2130 671 2360 720 evertet
2386 707 2402 735 ,

256 771 436 832 quam
473 760 806 809 tercentum
846 747 1063 808 abhinc
1095 749 1268 808 annis
1305 755 1553 828 majores
1586 751 1774 810 nostri
1807 762 1974 810 tanto
2005 753 2198 813 studio
2233 776 2407 836 pere-

258 858 474 930 gerunt
510 846 625 927 (1).
678 845 744 905 30
799 847 1147 906 Innituntur
1191 847 1333 929 ipsis
1386 847 1821 909 Catholicorum
1861 850 2217 933 principiis;
2272 851 2407 913 ideo

259 945 423 1005 enim
445 947 618 1023 juxta
658 941 1007 1002 catholicam
1033 943 1368 1003 doctrinam
1402 955 1714 1026 nequeunt
1744 945 2085 1006 Sacerdotes
2117 947 2408 1030 impertiri

256 1038 546 1120 ejusmodi
575 1037 1058 1099 benedictionem
1080 1040 1308 1122 ‚nuptiis
1333 1041 1535 1105 mixtis
1566 1039 1788 1123 absque
1817 1044 2038 1124 praevia
2067 1045 2406 1126 sponsione,

257 1138 394 1219 quia
418 1135 534 1197 illae
567 1134 962 1198 adversantur
985 1136 1089 1194 fini
1114 1136 1411 1218 praecipuo
1444 1138 1697 1216 conjugii
1718 1137 2056 1215 christiani,
2091 1139 2251 1221 quod
2280 1140 2409 1220 dig-

262 1234 452 1292 nitate
492 1232 856 1291 Sacramenti
900 1253 933 1290 a
981 1231 1211 1291 Christo
1247 1243 1515 1291 *auctum
1558 1243 1680 1306 est,
1729 1254 1982 1315 nempe,
2031 1246 2104 1293 ut
2145 1238 2412 1315 populus

258 1331 347 1390 ad
397 1331 529 1388 veri
555 1330 676 1391 Dei
698 1337 753 1386 et
782 1328 1123 1387 Salvatorz's
1184 1330 1378 1388 nostri
1410 1329 1641 1388 Christi
1680 1331 1914 1388 cultum
1972 1342 2029 1389 et
2064 1332 2411 1411 reliqionem

252 1436 727 1508 procrearetur,
774 1434 953 1505 atque
982 1426 1384 1497 educaretur,
1426 1426 1511 1484 uti
1552 1424 1819 1508 loquitur
1847 1425 2249 1486 Catechismus
2283 1429 2408 1489 Ro-

262 1544 474 1581 manus
522 1522 613 1600 (2)
646 1566 663 1594 ,
726 1541 828 1580 seu
888 1519 965 1579 ad
1019 1521 1525 1580 conservationem
1587 1533 1646 1580 et
1697 1533 2084 1601 augmentum
2147 1522 2411 1583 Ecclesiae

256 1616 584 1676 catholicae.
636 1616 815 1696 Atqui
870 1614 994 1674 haec
1037 1614 1244 1674 eadem
1292 1616 1442 1687 ratio
1485 1636 1648 1698 aeque
1705 1616 1922 1676 militat
1964 1639 2072 1699 pro
2129 1619 2410 1677 ministris

266 1709 768 1796 protestantibus3
791 1732 925 1769 cum
954 1710 1134 1770 etiam
1151 1710 1400 1771 Ecclesia
1426 1723 1761 1792 protestans
1787 1712 1954 1787 velit,
1983 1724 2049 1772 ut
2076 1715 2412 1792 conjunctio

263 1805 723 1867 matrimonialis
761 1808 935 1884 juvet
966 1803 1043 1864 ad
1078 1804 1361 1865 doctrinae
1387 1828 1507 1866 suae
1543 1808 1691 1867 fines
1731 1807 1903 1867 latius
1947 1809 2245 1888 augendos
2274 1834 2290 1883 ς
2348 1831 2413 1869 ac

266 1914 585 1987 propterea
620 1911 1020 1984 protestantes
1059 1900 1315 1960 ministri
1351 1923 1585 1984 quoque
1626 1925 1872 1964 munere
1908 1915 1968 1964 et
2003 1904 2282 1984 religione
2321 1917 2414 1966 te—

268 2011 526 2061 neantur
549 1999 778 2060 efficere
796 2044 812 2073 ,
838 2010 907 2058 ut
930 1997 1125 2081 proles
1157 1999 1502 2059 instituatur
1533 2001 1593 2058 in
1623 2000 1901 2083 religione
1923 2004 2265 2083 evanyelica
2299 2002 2411 2082 (3).

271 2099 414 2171 Quae
438 2117 573 2155 cum
596 2095 679 2154 ita
711 2116 773 2155 se
799 2093 1096 2166 habeant,
1135 2105 1302 2176 patet
1322 2140 1338 2169 ,
1373 2095 1439 2154 40
1461 2117 1631 2178 posse
1675 2096 1916 2178 quidem
1952 2097 2290 2159 Sacerdotes
2316 2119 2416 2157 ca-

271 2191 558 2264 tholicos,
611 2201 791 2271 prout
833 2188 986 2268 leges
1016 2189 1086 2247 iis
1122 2188 1279 2248 ultro
1318 2191 1712 2271 permittunt,
1758 2191 2089 2251 hortatibus
2132 2193 2413 2253 inducere

272 2298 507 2370 partem
544 2283 923 2358 catholicam,
967 2304 1044 2342 ne
1085 2283 1239 2342 sinat
1280 2284 1510 2366 prolem
1555 2285 1784 2344 institui
1826 2286 1891 2345 in
1930 2286 2039 2345 alia
2094 2287 2412 2367 religione,

275 2383 525 2443 minime
552 2401 690 2443 vero
713 2400 886 2463 posse
906 2377 981 2438 ab
1012 2389 1263 2460 utroque
1291 2380 1682 2440 contrahente
1710 2382 1942 2460 exigere
1970 2381 2281 2442 formalem
2302 2427 2319 2458 ,
2352 2395 2417 2443 ut

276 2488 526 2551 vocant,
568 2475 1052 2559 pollicitationem
1089 2474 1164 2535 de
1195 2474 1560 2536 instituenda
1602 2477 1768 2536 omni
1799 2476 1998 2538 sobole
2037 2479 2099 2537 in
2138 2478 2418 2560 religione

279 2573 563 2652 catholica
581 2618 598 2649 ,
625 2571 787 2654 quod
810 2571 964 2652 leges
989 2581 1214 2632 vetant.
1238 2571 1305 2629 50
1341 2573 1515 2632 Secus
1543 2594 1712 2653 agere
1740 2584 1892 2633 esset
1918 2573 2107 2656 abripi
2132 2575 2417 2658 principio

276 2668 669 2730 intolerantiae
718 2679 779 2727 et
813 2670 1148 2747 fanatismi
1182 2679 1284 2726 aut
1329 2669 1795 2750 superstitionis,
1835 2670 1995 2751 quod
2043 2670 2260 2731 scilicet
2304 2693 2416 2730 ne-

272 2776 460 2847 queat
482 2765 757 2825 Ecclesia
777 2766 1094 2844 imperari
1119 2764 1586 2824 benedictionem
1600 2787 1780 2824 suam
1801 2768 1903 2825 illi
1919 2771 2221 2847 cory'uyiO,
2238 2771 2418 2845 cujas

269 2863 472 2943 proles
508 2862 899 2920 damnationi
936 2860 1302 2919 educaretur
1337 2859 1464 2942 (4),
1513 2861 1579 2919 6⁰
1617 2882 1686 2921 eo
1726 2861 1821 2922 vel
1865 2863 2082 2943 magiS,
2123 2862 2282 2944 quod
2327 2862 2419 2923 hic

284 2983 408 3019 non
444 2959 635 3040 agitur
672 2957 747 3019 de
776 2956 974 3040 aliquo
1015 2958 1153 3018 fidei
1186 2957 1462 3033 articu10‚
1505 2957 1608 3018 sed
1647 2957 1723 3018 de
1752 2959 1922 3041 praxi
1959 2959 2035 3019 ad
2070 2959 2417 3021 mutabilem

282 3054 654 3138 disciplinam
693 3064 1000 3137 spectante
1028 3099 1043 3127 ,
1084 3053 1148 3112 in
1183 3075 1298 3135 qua
1338 3052 1586 3135 proinde
1634 3052 1884 3115 Ecclesia
1922 3055 2103 3115 debet
2148 3077 2273 3116 sese
2319 3077 2418 3116 ac-

285 3151 660 3212 commodare
684 3150 783 3228 iis,
817 3170 948 3231 quae
979 3171 1238 3231 praesens
1265 3170 1466 3210 rerum
1488 3161 1672 3209 status
1703 3171 1770 3210 ac
1788 3150 2109 3212 'relationes
2147 3172 2280 3212 cum
2309 3151 2419 3212 alia

290 3248 650 3308 consessione
676 3256 1001 3328 exposcunt
1022 3290 1037 3318 ,
1076 3257 1255 3328 prout
1282 3246 1472 3329 reipsa
1500 3247 1795 3330 sapienter
1821 3268 1883 3308 se
1918 3258 2129 3329 gerunt
2165 3248 2420 3307 ministri

367 3468 434 3533 (1)
473 3467 540 3517 lta
568 3471 644 3517 cit.
680 3463 1028 3533 Ephemerides
1053 3463 1215 3512 Rham·
1237 3466 1317 3513 in·
1472 3464 1538 3529 (2)
1579 3463 1701 3514 Part.
1729 3479 1766 3513 11
1787 3501 1801 3527 ,
1829 3480 1937 3530 cap.
1954 3461 2019 3527 8,
2050 3476 2161 3514 sect.
2188 3481 2206 3514 1
2224 3502 2237 3527 ‚
2258 3483 2310 3516 n.
2339 3463 2415 3513 15.

290 3551 485 3618 ferioris
503 3586 518 3611 ,
550 3548 604 3597 in
636 3558 724 3597 art.
770 3551 940 3597 inserto
972 3545 1102 3597 dieb.
1134 3543 1167 3595 8
1191 3585 1204 3607 ‚
1243 3563 1305 3613 9,
1468 3548 1532 3615 (3)
1561 3548 1620 3596 In
1634 3550 1715 3599 cit.
1729 3546 1993 3616 Ephemer.
2009 3549 2102 3598 loc.
2132 3552 2214 3598 cit.

301 3650 377 3694 ιο,
418 3648 466 3680 ιι
501 3630 613 3681 Feb.
656 3630 808 3696 ejusd.
834 3631 965 3679 anni.
1466 3630 1532 3694 (Ιι)
1571 3629 1696 3682 lbid.
1735 3633 1785 3681 in
1815 3641 1904 3683 art.
1937 3627 1971 3679 6
2005 3630 2233 3681 Januarii.
