2508 4120
236 111 360 171 406

869 125 1194 165 TRACTATUS
1238 125 1307 160 DE
1351 122 1736 163 uA'rnmomo.

236 275 409 335 vortii
440 269 729 346 faciendi,
757 267 997 351 quando
1021 268 1150 349 quis
1179 266 1434 349 propriae
1470 266 1667 325 uxoris
1706 276 1988 346 pertaesus
2013 268 2123 342 sit,
2158 293 2223 332 ac
2257 295 2372 332 no-

238 392 372 432 vam
409 376 690 448 appetat3
734 375 865 423 tum
892 363 1147 445 denique
1180 384 1254 422 ex
1283 373 1442 433 statu
1472 361 1709 443 politico
1748 361 2082 420 Germaniae
2108 406 2125 434 .,
2160 363 2224 421 in
2259 384 2375 448 qua

238 461 520 525 Catholici
556 471 620 519 ut
644 459 969 542 plurimum
993 458 1102 518 sub
1131 458 1415 539 regimine
1440 457 1776 538 Principum
1808 458 2266 536 protestantium
2291 461 2378 520 in-

237 561 590 635 veniuntur,
642 558 744 639 qui
787 556 935 616 nihil
975 557 1337 616 intentatum
1367 555 1714 636 relinquunt
1744 599 1760 628 .,
1806 576 1922 636 quo
1967 556 2378 636 protestantis·

237 677 405 716 mum
444 652 780 738 provehant
823 674 959 712 cum
997 651 1295 712 catholicae
1334 650 1630 732 religionis
1670 650 1923 732 pernicie
1949 651 2060 729 (l).
2104 652 2296 724 Quare
2330 651 2381 710 si

234 751 380 835 quid
413 751 477 810 in
507 749 797 830 ejusmodi
824 770 1026 809 rerum
1056 746 1281 809 vicibus
1304 747 1484 808 instat
1516 746 1800 829 periculi,
1843 757 2036 806 totum
2069 745 2134 806 id
2162 747 2382 808 Catho-

233 848 359 908 licis
396 848 600 907 instat.

317 942 462 1003 336.
513 941 601 1002 Ad
626 941 710 1002 3¹¹¹
727 986 744 1016 7
773 940 922 1022 Ney.
944 943 1104 1000 min.
1130 941 1280 1000 Tum
1301 941 1435 1021 quia
1456 940 1918 998 Protestantium
1948 948 2117 998 sectae
2148 937 2382 998 nullum

234 1038 595 1122 principium
648 1059 750 1097 seu
803 1047 1075 1096 centrum
1110 1033 1352 1095 unitatis
1383 1033 1611 1094 habent
1638 1079 1655 1109 ,
1696 1045 1756 1094 et
1791 1033 2004 1094 idcirco
2042 1035 2380 1094 communis

242 1134 608 1194 auctoritatis
655 1133 984 1214 interprete
1029 1130 1318 1214 quodam,
1365 1141 1427 1190 et
1465 1130 1631 1212 quasi
1677 1131 1896 1189 nuncio
1938 1129 2380 1204 destituuntur,

231 1252 349 1312 quo
376 1230 443 1288 fit
479 1240 546 1288 ut
584 1228 761 1311 plane
794 1228 1160 1308 ignoremus,
1197 1226 1342 1309 quid
1381 1225 1569 1288 velint
1596 1237 1696 1286 aut
1718 1225 1946 1300 nolintt,
1980 1237 2111 1286 tum
2137 1226 2297 1307 quia,
2339 1224 2388 1285 si

233 1327 611 1408 negationem
639 1324 893 1406 excipias
911 1369 929 1400 ‚
955 1323 1018 1383 id
1043 1334 1132 1383 est
1150 1369 1166 1398 ,
1190 1323 1654 1404 abnegationem
1684 1321 1980 1383 catholicae
2007 1322 2296 1396 veritatis,
2319 1322 2385 1380 in

234 1443 349 1503 qua
378 1421 500 1481 sola
526 1443 734 1481 omnes
761 1420 1027 1480 unanimi
1055 1419 1232 1500 plane
1258 1441 1550 1480 consensu
1576 1419 1938 1480 conveniunt
1966 1464 1981 1492 ,
2015 1417 2247 1478 nullam
2279 1416 2390 1476 ha-

237 1515 387 1576 bent
421 1517 752 1576 doctrinam
786 1517 1125 1598 positivam,
1171 1517 1235 1575 in
1262 1538 1376 1597 qua
1410 1515 1739 1575 coalescant
1762 1559 1774 1581 ‚
1814 1514 1862 1573 si
1903 1514 2149 1595 incipias
2174 1513 2249 1572 ab
2286 1534 2385 1571 ar-

232 1611 415 1671 ticulo
452 1611 526 1670 de
559 1611 870 1671 existentia
909 1612 1017 1670 Dei
1050 1622 1110 1670 et
1148 1610 1380 1671 desinas
1419 1632 1557 1670 cum
1587 1609 1832 1670 articulo
1859 1609 1933 1670 de
1964 1611 2158 1669 futura
2192 1609 2386 1669 carnis

238 1708 668 1766 resurrectione
704 1717 766 1767 et
809 1707 927 1767 vita
976 1719 1193 1766 aeterna
1217 1752 1233 1782 ,
1290 1719 1468 1789 atque
1505 1728 1539 1766 a
1578 1706 1771 1788 primo
1819 1705 2145 1764 Bibliorum
2194 1704 2387 1777 libre,

241 1825 462 1885 nempe
517 1805 771 1878 Genesi,
828 1802 1015 1863 donec
1050 1803 1127 1862 ad
1161 1814 1539 1886 postremum
1587 1802 1933 1883 perveniaS‚
1963 1801 2065 1883 qui
2106 1812 2198 1861 est
2235 1804 2392 1883 Apo-

257 1897 506 1982 calypsis
546 1899 678 1979 (2),
727 1897 960 1958 nullam
1005 1898 1221 1974 fidem,
1268 1898 1498 1960 nullam
1550 1910 1772 1959 certam
1822 1896 2042 1958 ethices
2083 1918 2151 1958 ac
2195 1896 2399 1980 praxis,

1362 2164 1463 2195 non
1508 2149 1575 2194 ita
1629 2145 1810 2211 pridem
1844 2145 2046 2211 vulgavit
2079 2143 2165 2193 Dr.
2213 2143 2396 2193 Strauss

1361 2228 1588 2292 professor
1631 2230 1683 2274 in
1727 2229 2023 2274 universitate
2079 2225 2388 2290 Tubingensi.

1361 2309 1452 2359 Hic
1497 2321 1654 2358 auctor
1702 2318 1959 2375 protestans
2015 2311 2067 2356 in
2107 2308 2230 2357 Vita
2271 2307 2394 2354 Jesu

235 2150 400 2214 niquis
446 2147 520 2195 bis
592 2147 885 2212 temporibus
948 2146 1272 2213 Apostolorum

240 2229 390 2279 verba
428 2246 654 2295 usurpare
676 2266 689 2288 .,
724 2232 829 2277 Act.
864 2246 911 2276 ιν
931 2265 945 2291 ,
969 2226 1035 2291 24
1063 2239 1108 2277 et
1136 2244 1270 2293 seqq.

241 2312 513 2361 Domine...
540 2312 629 2375 qui
658 2308 854 2376 Spiritu
879 2310 1056 2359 Sancto
1076 2347 1092 2372 ,
1107 2327 1201 2375 per
1223 2326 1274 2357 os

227 2394 389 2459 patris
403 2394 558 2440 nostri
570 2391 735 2442 David
742 2429 755 2454 ,
771 2395 922 2459 pueri
931 2394 1009 2440 tui
1025 2429 1037 2452 ‚
1065 2392 1242 2439 dixisti
1253 2413 1271 2440 .-

235 2491 387 2540 quare
426 2475 742 2539 fremuerunt
779 2485 943 2540 qentes
964 2511 980 2536 ,
1016 2483 1059 2523 et
1091 2474 1276 2541 populi

237 2556 458 2605 meditati
493 2565 608 2605 sunt
655 2559 872 2605 inania?
897 2558 1173 2605 Astiterunt
1200 2574 1273 2604 re-

230 2656 310 2706 qes
354 2647 496 2687 terroe
552 2648 598 2688 et
647 2641 900 2706 principes
943 2632 1275 2690 convenerunt

224 2723 282 2770 in
326 2739 485 2771 unum
536 2722 766 2771 adversus
809 2722 1076 2772 Dominum
1107 2734 1150 2772 et
1179 2724 1267 2772 ad-

228 2821 395 2854 versus
442 2804 699 2853 Christum
742 2807 885 2871 ejus?
930 2805 1272 2854 Convenerunt

221 2905 332 2936 vere
359 2888 594 2936 adversus
625 2906 840 2955 puerum
875 2896 1014 2937 tuum
1044 2888 1217 2937 Jesum
1247 2927 1260 2950 ,

226 2986 366 3034 quem
401 2970 594 3017 unxisti
623 3008 638 3031 ‚
683 2970 901 3020 Herodes
969 2979 1014 3019 et
1060 2971 1271 3020 Pontius

232 3048 428 3101 Pilatus
490 3069 608 3100 cum
662 3052 889 3117 qentibus
972 3061 1018 3101 et
1069 3053 1272 3121 populis

227 3131 404 3184 Israel.

295 3216 366 3280 (l)
406 3216 508 3266 Cfr.
553 3216 824 3282 Dffllinger,
856 3215 990 3265 ibid..

310 3297 374 3360 (2)
413 3297 511 3348 Cfr.
567 3315 675 3364 quae
723 3301 990 3365 scripsimus
1034 3301 1086 3347 in
1129 3307 1263 3349 tract.

226 3379 310 3427 De
343 3395 460 3427 vera
507 3378 791 3446 Reliqione,
839 3393 955 3446 part.
1000 3399 1064 3443 n,
1103 3399 1270 3448 propp.

230 3479 276 3511 v1
298 3500 313 3523 ‚
340 3480 404 3512 vu
442 3475 487 3512 et
526 3482 573 3512 ix
608 3503 622 3524 ‚
663 3484 771 3515 cum
809 3468 1032 3532 appositis
1069 3467 1271 3516 adnota-

225 3545 451 3596 tionibus.
498 3546 595 3596 lllis
625 3549 921 3598 documentis
965 3566 1098 3598 nunc
1127 3550 1270 3615 adjici

220 3628 357 3678 debet
393 3647 508 3696 opus
546 3632 814 3680 eminenter
825 3633 1274 3700 protectans,quod

1356 2394 1498 2458 longa
1559 2395 1936 2442 dissertationum
2004 2389 2393 2457 philologicarum

1359 2486 1405 2525 et
1437 2478 1706 2525 criticarum
1736 2477 1853 2524 serie
1882 2475 1970 2523 sibi
1989 2476 2226 2539 proposuit
2261 2490 2395 2523 ever-

1355 2570 1453 2608 tere
1513 2559 1914 2607 authenticitatem
1971 2559 2185 2605 omnium
2239 2555 2395 2605 Evau-

1358 2641 1618 2706 geliorum3
1664 2652 1804 2707 atque
1837 2633 2095 2688 in‘*Christo
2127 2637 2238 2687 Jesu
2263 2631 2392 2686 nihil

1361 2723 1489 2772 aliud
1521 2726 1715 2789 agnovit
1755 2725 1848 2771 nisi
1880 2721 2042 2769 ideam
2077 2718 2394 2785 symbolicam

1359 2807 1710 2855 humanitatis.
1745 2803 1843 2853 Sub
1894 2805 1984 2853 hoc
2035 2812 2246 2868 respectu
2298 2819 2397 2850 non

1359 2889 1528 2938 abnuit
1564 2888 1747 2936 Strauss
1792 2887 2034 2935 admittere
2064 2884 2225 2934 Iesum
2260 2882 2394 2932 Chri-

1358 2981 1483 3020 stum
1525 2971 1667 3019 veluti
1707 2969 1861 3018 Deum
1905 2969 2145 3017 hominem
2179 3005 2192 3027 ‚
2253 2966 2393 3016 veluti

1357 3063 1573 3103 centrum
1615 3054 1805 3100 unionis
1829 3061 2010 3099 naturae
2042 3050 2218 3099 divinae
2241 3059 2288 3097 et
2305 3048 2394 3096 hu-

1359 3152 1511 3185 manas
1529 3171 1546 3198 ‚
1575 3152 1631 3183 ac
1665 3135 1869 3201 denique
1900 3133 2045 3182 veluti
2072 3142 2282 3181 mentem
2319 3132 2394 3179 in-

1358 3220 1543 3267 finitam
1574 3256 1587 3278 ‚
1622 3234 1729 3284 quae
1764 3235 1812 3266 se
1844 3215 2109 3264 manifestat
2137 3219 2188 3262 in
2225 3214 2391 3270 finito,
2441 3210 2445 3214 ’

1365 3305 1483 3368 quin
1519 3302 1702 3350 amittat
1731 3300 2065 3348 conscientiam
2100 3297 2282 3362 pristini
2304 3305 2398 3343 sta-

1361 3396 1444 3433 tus
1473 3387 1564 3434 sui.
1593 3383 1703 3432 Dixi
1731 3382 1823 3432 hoc
1849 3400 1966 3447 opus
1996 3380 2261 3428 eminenter
2275 3393 2396 3444 pro·

1362 3476 1540 3515 testans
1567 3503 1581 3526 ‚
1619 3469 1731 3531 quia
1775 3465 1965 3529 profluit
2001 3481 2054 3512 ex
2089 3464 2254 3510 intima
2290 3476 2396 3525 pro-

1363 3551 1653 3598 testantismi
1696 3550 1894 3597 essentia
1928 3564 2008 3597 seu
2049 3555 2215 3593 natura
2237 3578 2251 3603 ,
2295 3557 2397 3605 quae

1366 3643 1462 3683 tota
1506 3635 1711 3683 consistit
1741 3634 1790 3681 in
1817 3630 2026 3681 libertate
2061 3627 2313 3681 examinis,
2350 3629 2398 3672 et
