2508 4120
255 98 372 159 300
882 115 1208 159 ruo-rarus
1250 116 1324 157 un
1364 117 1741 159 iun-amomo.

253 273 513 345 potestas
537 265 633 338 jus
667 258 856 318 ullum
892 258 1110 319 habeat
1145 259 1208 319 in
1237 260 1305 320 iis
1327 306 1343 334 7
1377 282 1507 343 quae
1530 262 1835 344 pertinent
1869 263 1944 324 ad
1971 268 2340 333 Sacramenta
2370 317 2387 349 7

257 376 579 437 eorumque
626 353 1246 433 administrationem,
1295 356 1443 417 hinc
1490 357 1652 416 nulla
1701 362 1833 436 jure
1909 362 2166 440 gaudent
2200 412 2217 442 7
2269 370 2393 428 sive

257 454 476 512 directe
523 451 648 511 sive
698 451 985 511 indirecte
1014 497 1030 525 7
1083 452 1145 510 in
1187 452 1254 510 iis
1285 498 1301 527 7
1334 475 1461 535 quae
1505 459 1839 514 intrinseca
1885 468 2023 515 sunt
2072 464 2393 521 contractui

252 546 698 624 matrimoniali,
725 558 904 631 prout
928 550 1374 608 Sacramentum
1402 561 1521 625 est,
1552 562 1611 610 et
1638 551 1877 612 effectus
1900 553 2231 635 spirituales
2265 578 2397 639 pro·

254 643 434 703 ducit.
468 644 685 703 Verum
709 643 782 704 de
807 643 919 704 hoc
953 644 1169 705 iterum
1207 644 1382 728 paulo
1413 657 1570 728 post.

1049 810 1463 865 PROPOSITIO
1504 812 1602 864 111.

254 939 562 1000 Recensiti
613 939 970 1000 Tridentini
1008 957 1267 1001 canones
1310 943 1639 1023 doqmatici
1679 954 1829 1003 sunt
1865 955 1924 1005 et
1943 945 2095 1025 fidei
2122 947 2397 1026 regulam

1139 1044 1531 1098 constituunt.

341 1214 477 1276 178.
524 1216 595 1286 Et
633 1214 755 1276 haec
795 1218 1117 1300 propositio
1153 1218 1361 1278 eadem
1405 1219 1756 1280 certitudine
1789 1220 2002 1301 gaudet
2040 1243 2152 1302 qua
2178 1243 2404 1304 praece-

255 1310 404 1372 dens
423 1357 440 1389 7
470 1323 535 1371 ut
563 1325 727 1395 patet
748 1335 820 1373 ex
842 1313 1011 1373 dictis
1029 1361 1044 1389 7
1070 1326 1129 1375 et
1156 1337 1229 1376 ex
1257 1336 1501 1375 censura
1523 1363 1539 1392 7
1568 1338 1746 1399 quam
1769 1328 1971 1400 postea
2002 1317 2399 1397 subjiciemus7

254 1405 372 1467 lata
413 1409 474 1467 in
507 1431 681 1491 prop.
721 1412 848 1470 LIX
877 1411 1086 1492 synodi
1123 1412 1509 1471 pistoriensis,

342 1505 480 1562 179.
526 1508 677 1565 Sane
714 1506 799 1564 illi
833 1529 1085 1566 canones
1113 1507 1424 1588 dogmatici
1453 1519 1593 1566 sunt
1629 1530 1694 1567 ac
1726 1508 1859 1568 fidei
1893 1509 2156 1589 regulam
2192 1510 2404 1568 consti-

256 1610 437 1658 tuunt
460 1645 476 1675 7
513 1602 613 1682 qui
648 1600 792 1660 editi
823 1601 897 1660 ab
935 1604 1333 1662 OEcumenica
1370 1603 1604 1683 Synodo
1631 1615 1975 1685 proponunt
2014 1604 2123 1663 sub
2157 1604 2402 1664 anathe-

256 1697 431 1755 matis
464 1718 667 1778 poena7
705 1697 847 1778 quid
866 1698 1229 1758 credendum
1258 1710 1359 1757 aut
1390 1698 1723 1757 docendum
1744 1700 1839 1758 sit.
1878 1700 2056 1781 Atqui
2087 1698 2232 1759 tales
2261 1709 2401 1757 sunt

254 1792 525 1850 recensiti
555 1813 809 1851 canones
838 1793 980 1852 editi
1004 1816 1036 1852 a
1062 1794 1405 1853 Tridentina
1431 1794 1687 1874 Synodo.
1721 1797 1887 1873 Ergo,

343 1886 478 1946 180.
528 1889 713 1966 Major
763 1910 938 1969 porro
991 1890 1275 1971 propositi
1320 1891 1649 1970 argumenti
1698 1913 1892 1973 neque
1941 1888 2015 1950 ab
2055 1890 2402 1951 adversariis

255 1984 474 2042 nostris
501 1984 562 2042 in
592 1983 840 2043 dubium
865 1987 1122 2045 revocari
1141 1998 1366 2068 potest,
1392 1987 1492 2068 qui
1512 1986 1910 2062 contendunt7
1937 1987 1998 2045 in
2026 2008 2094 2046 eo
2123 1986 2405 2065 distingui

255 2100 536 2155 canone57
577 2080 674 2162 qui
699 2080 1020 2162 disciplinae
1053 2094 1374 2157 vocantur7
1409 2104 1441 2141 a
1488 2082 1811 2141 canonibus
1845 2083 2185 2162 dogmaticis
2213 2093 2272 2140 et
2295 2082 2404 2140 do·-

259 2174 604 2234 ctrinalibus
627 2221 643 2250 7
686 2175 845 2257 quod
870 2175 954 2234 illi
989 2178 1335 2257 praecipiant
1356 2223 1371 2252 7
1398 2177 1539 2258 quid
1558 2178 1852 2257 agendum
1880 2179 1954 2236 sit
1982 2189 2083 2235 aut
2106 2177 2393 2236 omitten-

256 2270 401 2330 dum
423 2317 439 2347 7
474 2272 567 2330 isti
603 2284 940 2354 proponant
964 2319 980 2349 7
1013 2273 1156 2355 quid
1181 2274 1257 2332 sit
1286 2272 1647 2332 credendum
1670 2284 1771 2331 aut
1796 2272 2151 2332 docendum.

342 2369 484 2427 181.
535 2370 729 2427 Minor
753 2381 950 2429 autem
975 2368 1283 2431 evidenter
1310 2381 1475 2451 patet
1504 2370 1567 2427 1ο
1591 2391 1667 2429 ex
1696 2370 1822 2451 ipso
1845 2390 2140 2427 canonum
2163 2379 2400 2443 tenore3

259 2463 550 2546 siquidem
580 2467 644 2524 in
683 2477 935 2548 utroque
971 2487 1196 2526 canone
1220 2511 1236 2541 7
1278 2468 1359 2525 III
1385 2488 1602 2548 nempe
1634 2478 1693 2525 et
1719 2468 1794 2525 IV
1815 2511 1831 2542 7
1872 2466 2086 2525 dicitur
2118 2489 2131 2524 ε
2167 2468 2240 2525 Si
2266 2469 2406 2546 quis

257 2562 491 2621 dimerit
506 2605 528 2634 ,
558 2564 896 2622 Ecclesiam
922 2584 1042 2622 non
1058 2585 1227 2642 posse
1250 2608 1266 2637 7
1307 2573 1422 2631 aut
1452 2563 1790 2623 Ecclesiam
1823 2584 1945 2621 non
1972 2565 2236 2642 potuisse
2263 2583 2406 2621 con-

255 2661 499 2716 stituere
527 2660 961 2738 impedimenta
994 2661 1472 2719 Matrimonium
1505 2661 1863 2718 dirimentia
1879 2702 1900 2730 ,
1929 2660 2021 2717 vel
2049 2661 2117 2716 in
2154 2661 2234 2716 iis
2264 2678 2405 2716 con.-

256 2755 581 2812 stituendis
619 2776 886 2828 errasse,
916 2756 1243 2814 anathema
1274 2758 1372 2814 sic.
1409 2754 1721 2833 Objectum
1760 2754 1936 2834 igitur
1972 2752 2259 2811 directum
2286 2751 2404 2810 ho-

257 2870 395 2907 rum
446 2870 741 2908 canonum
797 2861 886 2910 est
937 2861 1197 2931 potestas
1248 2850 1509 2909 Ecclesiae
1531 2896 1547 2926 7
1607 2853 1845 2930 ejusque
1902 2847 2288 2907 infallibilitas
2344 2848 2405 2907 in

258 2944 699 3027 impedimentis
736 2945 1198 3020 constituendis3
1235 2967 1412 3004 nemo
1448 2966 1587 3005 vero
1617 2943 1887 3023 negabit7
1927 2943 2019 3003 hic
2051 2966 2172 3002 non
2211 2943 2299 3023 agi
2336 2944 2406 3002 de

260 3042 381 3121 leffe
405 3053 507 3100 aut
522 3053 854 3123 praecepte,
890 3042 993 3101 sed
1015 3044 1085 3101 de
1113 3044 1375 3101 articulo
1404 3042 1697 3101 doctrinoe
1721 3040 1795 3100 ab
1821 3039 2095 3100 omnibus
2123 3040 2231 3100 sub
2270 3061 2404 3100 ana-

267 3136 547 3197 thematis
582 3160 759 3221 poena
795 3137 1150 3220 profitendo,

264 3329 364 3360 rem
391 3313 530 3377 fidei.
555 3333 679 3363 anno
707 3312 853 3383 1796,
890 3332 995 3380 pag.
1021 3312 1101 3363 53.
1132 3315 1198 3363 Ex
1226 3316 1297 3363 his
1373 3318 1604 3382 ginariam
1645 3326 1917 3382 potestatem
1959 3316 2172 3366 Ecclesia>
2201 3318 2250 3364 in
2292 3334 2404 3365 con-

263 3396 519 3447 habemus:
549 3407 593 3446 1⁰
606 3402 743 3465 juxta
763 3399 934 3449 Christi
957 3400 1298 3449 ordinationem
1382 3401 1608 3448 trahenda
1634 3403 1809 3449 unione
1832 3400 2156 3448 sacramentali
2186 3414 2243 3447 ex
2279 3408 2405 3464 parte

267 3497 361 3528 non
393 3498 525 3544 posse
565 3499 592 3528 a
620 3481 898 3549 conjugibus
938 3483 1198 3531 christianis
1226 3500 1300 3530 se·
1382 3486 1634 3549 conjugum
1664 3483 2043 3531 christianorum.
2073 3481 2221 3530 Tanta
2250 3490 2315 3529 est
2336 3482 2411 3528 vis

268 3564 426 3627 parari
457 3559 809 3614 Sacramentum
836 3585 862 3614 a
899 3575 1146 3615 contractu
1190 3583 1302 3613 con·
1384 3568 1616 3628 veritatis,
1649 3577 1701 3614 ut
1726 3583 1961 3615 assensum
1978 3574 2241 3630 extorqueat
2266 3564 2407 3611 etiam

262 3645 441 3711 jugali3
468 3650 519 3693 2⁰
534 3646 645 3696 huic
663 3647 1041 3714 inseparabilitati
1060 3650 1195 3697 inniti
1213 3650 1304 3697 ori·
1387 3648 1445 3697 ab
1474 3650 1709 3697 acerrimis
1740 3652 1839 3714 ejus
1867 3643 2297 3712 impugnatoribus!
