2508 4120
435 173 557 211 cn.
608 173 694 211 111.
745 174 813 210 ΒΕ
855 174 1257 212 mrnmmnn'ns
1301 172 1686 233 nummolum,
1730 171 1850 211 nro,
2083 149 2201 210 301

175 317 311 376 182.
360 318 523 376 Patet
539 316 606 373 20
624 337 696 375 ex
715 336 888 398 scopo
903 326 963 374 et
981 313 1371 375 declaratione
1386 313 1564 395 ipsius
1581 312 1820 373 Concilii
1835 310 2161 371 Tridentini
2181 337 2199 378 ς

86 434 292 493 scopus
321 412 477 470 enim
500 411 698 469 statim
725 409 1188 491 deprehenditur
1210 431 1283 468 ex
1302 408 1474 467 titulo
1503 408 1631 489 ipso
1652 454 1668 483 ‚
1695 409 1793 490 qui
1822 408 2090 489 praefixus
2114 419 2205 467 est

86 527 222 566 sess,
254 506 432 563 XXIV
452 552 469 582 ,
513 525 728 585 nempe
775 506 1076 563 Doctrina
1111 504 1182 561 de
1214 505 1601 562 Sacramento
1624 504 2021 562 Matrimonii
2029 524 2051 572 ‚·
2086 525 2202 584 quo

84 610 283 682 aperte
310 599 567 658 ostendit
579 598 865 679 SynoduS,
880 618 940 656 se
955 596 1066 655 sibi
1082 597 1457 678 proposuisse
1471 596 1802 655 doctrinam
1811 597 2063 673 tradere,
2081 620 2204 657 non

85 705 280 754 autem
302 692 459 752 nuda
489 702 780 774 proecepta
798 702 896 750 aut
910 691 1063 769 leges
1084 691 1436 750 constituere
1462 690 1801 772 disciplinae.
1824 691 1993 764 Quod
2019 693 2201 773 magis

83 789 271 848 adhuc
304 798 530 846 constat
565 809 636 846 ex
669 789 910 846 Patrum
939 785 1418 846 Tridentinorum
1448 784 1839 844 declaratione
1858 830 1876 860 ,
1907 808 2086 868 quam
2111 808 2205 846 ca-

82 883 334 942 nonibus
374 883 782 964 praemiserunt
813 904 826 940 :
868 883 1093 940 Sancta
1122 892 1176 939 et
1204 882 1570 940 universalis
1598 881 1872 959 Synodus
1884 923 1909 952 ,
1953 886 2204 961 cupiens

83 999 391 1038 occurrere
414 977 773 1058 (impiorum
810 976 1121 1035 hominum
1151 975 1503 1056 temeritati)
1523 1021 1539 1050 .,
1578 978 1935 1055 2‘nszyniores
1963 979 2205 1056 proedz-

81 1083 312 1132 ctorum
339 1073 848 1132 schismaticorum
876 1072 1117 1131 haereses
1145 1082 1198 1129 et
1218 1093 1445 1130 errores
1470 1118 1488 1141 ,
1516 1093 1593 1130 ne
1606 1072 1820 1150 plures
1831 1073 1983 1130 adse
2003 1080 2209 1132 trahat

71 1173 418 1247 perniciosa
453 1189 656 1226 eorum
687 1170 985 1248 contayio,
1026 1167 1514 1226 eoeterminandos
1548 1169 1756 1241 duxit,
1794 1168 1895 1227 hos
1935 1173 2006 1227 in
2047 1173 2206 1248 ipsos

82 1265 380 1322 haereticos
433 1284 754 1342 eorumque
785 1284 1012 1322 errores
1044 1264 1362 1321 decernens
1401 1263 1950 1323 anathematismos
1984 1263 2204 1337 Quibus

84 1357 396 1440 praemissis
413 1402 429 1432 ,
453 1358 732 1416 continuo
754 1357 1017 1437 Synodus
1038 1378 1287 1417 canones
1310 1358 1706 1439 promulgavit
1725 1403 1741 1432 ·›
1765 1358 1826 1417 in
1856 1358 2068 1440 quibus
2094 1358 2204 1419 sub

82 1454 468 1512 anathematis
505 1473 680 1533 poena
724 1474 946 1512 errores
979 1452 1216 1512 illorum
1258 1453 1596 1532 singillatim
1639 1455 1976 1536 proscripsit
2027 1455 2206 1536 Atqui

87 1548 361 1607 solemnis
377 1569 641 1609 errorum
657 1558 716 1607 et
729 1547 1033 1607 haereseon
1058 1548 1404 1629 proscriptio
1416 1547 1819 1607 definitionem
1836 1548 2088 1609 involvit
2102 1570 2206 1608 seu

81 1642 531 1703 declarationem
561 1643 837 1703 doctrinae
872 1642 1163 1703 catholicae
1214 1653 1390 1724 atque
1419 1664 1452 1702 a
1481 1641 1750 1702 fidelibus
1793 1644 2199 1727 suscipiendae.

78 1740 240 1820 Ergo.

165 1835 298 1893 183.
345 1838 512 1895 Patet
541 1835 608 1894 3⁰
646 1857 718 1895 ex
758 1858 932 1896 sensu
957 1835 1134 1894 totius
1173 1834 1455 1894 Ecclesiae.
1502 1834 1608 1893 Vix
1635 1835 1796 1893 enim
1824 1833 2088 1893 absoluta
2115 1844 2204 1894 est

81 1928 420 1988 Tridentina
457 1930 720 2010 Synodus
746 1976 763 2007 ,
808 1941 875 1988 ut
918 1951 1120 1989 omnes
1156 1929 1433 1988 doctrinae
1471 1930 1533 1987 in
1579 1928 1898 1988 canonibus
1947 1929 2204 1991 definitae

82 2035 365 2106 tanquam
393 2025 643 2084 totidem
667 2025 892 2084 articuli
916 2026 1050 2084 fidei
1075 2028 1136 2084 in
1159 2025 1433 2086 universo
1461 2023 1602 2084 orbe
1644 2024 1927 2084 catholico
1953 2038 2202 2108 receptae

80 2119 320 2194 fuerint,
342 2121 424 2177 uti
449 2130 611 2202 patet
628 2143 700 2181 ex
724 2120 996 2180 omnibus
1022 2121 1268 2201 Synodis
1290 2118 1741 2201 provincialibus
1745 2163 1766 2190 ,
1790 2141 1916 2202 quae
1939 2121 2003 2179 in
2029 2123 2203 2183 variis

78 2213 287 2272 mundi
332 2214 596 2295 partibus
633 2227 765 2296 post
811 2214 1222 2274 Tridentinum
1258 2225 1397 2293 sunt
1442 2213 1742 2273 celebratae
1780 2215 1892 2291 (l).
1943 2214 2112 2288 Quod
2153 2216 2203 2276 si

77 2309 379 2368 interdum
408 2309 616 2392 aliquae
641 2311 1039 2393 oppositiones
1063 2309 1227 2369 factae
1252 2320 1392 2368 sunt
1424 2310 1573 2369 circa
1600 2309 1843 2369 Concilii
1872 2310 2203 2372 Tridentini

81 2403 538 2484 publicationem
560 2449 577 2480 7
600 2406 688 2465 hae
710 2428 1020 2487 nunquam
1048 2406 1369 2483 attigerunt
1404 2404 1675 2482 dogmata
1704 2426 1736 2462 a
1764 2403 2110 2463 Tridentino
2135 2408 2199 2466 in

81 2498 400 2557 canonibus
426 2499 666 2558 definita
687 2545 703 2574 .,
736 2501 839 2558 sed
876 2499 1066 2558 solum
1099 2521 1165 2559 ea
1199 2519 1327 2579 quae
1354 2499 1673 2557 constituta
1702 2509 1841 2557 sunt
1867 2500 1928 2558 in
1956 2499 2201 2561 decretis

81 2593 153 2653 de
173 2594 618 2653 Reformatione.
644 2595 824 2672 Igitur
844 2594 939 2655 vel
963 2593 1303 2667 dicendum,
1330 2592 1641 2652 Ecclesiam
1662 2594 1998 2655 universam
2018 2618 2201 2678 usque

82 2688 157 2747 ad
183 2690 502 2768 Launojum
531 2690 782 2770 turpiter
800 2710 1019 2748 errasse
1039 2733 1055 2763 .,
1086 2687 1183 2750 vel
1208 2688 1477 2769 praefatos
1507 2709 1755 2748 canones
1785 2690 2028 2751 omnino
2056 2690 2201 2772 dog-

83 2783 318 2843 maticos
358 2804 481 2843 esse
533 2794 591 2842 et
621 2783 756 2843 fidei
788 2783 1049 2864 regulam
1079 2784 1433 2843 constituere
1462 2784 1576 2864 (2).

159 2972 222 3036 (l)
259 2974 470 3023 Csr.Nat.
494 2974 742 3023 Alexandr.
757 2971 891 3024 Diss.
914 2992 978 3023 xn
997 3011 1013 3036 ‚
1041 2978 1098 3023 in
1179 2981 1337 3023 menta
1355 3008 1372 3036 ‚
1411 2974 1645 3024 adversus
1689 2976 1967 3043 Launojum
1991 3014 2005 3037 ‚
2054 2976 2197 3028 Tam-

82 3071 179 3104 sec.
210 3075 267 3104 xv
299 3067 346 3105 et
375 3074 476 3116 xvn,
505 3068 593 3106 art.
628 3057 706 3105 16.
1179 3056 1436 3104 burinium
1458 3093 1473 3114 ,
1519 3056 1745 3106 Nestium
1781 3058 1992 3122 aliosque
2035 3076 2198 3107 recen·

153 3139 220 3202 (2)
256 3137 360 3188 cfr.
379 3139 532 3188 Gerdil
549 3175 566 3200 ,
597 3139 647 3188 T
645 3150 757 3189 rate.
774 3139 850 3188 del
867 3140 1095 3191 Matrini.
1179 3139 1352 3197 tiores,
1402 3147 1591 3187 auctore
1628 3139 1773 3186 Petro
1811 3138 2018 3187 Deodato
2066 3139 2196 3189 Nea-

85 3229 204 3284 part.
243 3221 295 3277 ii,
326 3218 353 3286 §
375 3218 404 3268 5
433 3238 542 3286 opp.
577 3220 689 3270 edit.
719 3221 858 3271 Rom.
883 3232 996 3274 tom.
1023 3241 1099 3280 xv,
1173 3218 1391 3285 politam
1410 3258 1424 3280 ‚
1443 3220 1676 3286 Hierapoli
1702 3219 1848 3287 1786.
1869 3221 2018 3270 Altera
2038 3223 2195 3274 italico

87 3319 192 3365 pag.
213 3300 310 3350 235
330 3312 377 3350 et
408 3320 537 3368 seqq.
567 3320 653 3351 nec
682 3319 778 3350 non
800 3314 889 3350 tres
915 3304 1125 3367 egregiae‘
1182 3302 1399 3351 idiomate
1435 3313 1615 3351 exarata
1670 3319 1684 3351 ε
1719 3302 1895 3350 Nuova
1930 3303 2082 3368 difesa
2124 3306 2196 3354 de'

88 3383 427 3430 dissertationes
456 3382 581 3432 Petri
619 3383 815 3431 Deodati
845 3420 857 3442 ‚
903 3401 1100 3448 quarum
1182 3386 1364 3432 canoni
1400 3399 1452 3432 ιιι
1471 3422 1485 3444 ,
1520 3403 1562 3432 iv
1588 3382 1708 3431 della
1739 3385 1944 3433 sessione
1970 3403 2075 3435 xxiv
2121 3386 2199 3436 del

86 3467 210 3529 prior
243 3464 506 3512 inscribitur
535 3482 550 3514 ε
586 3466 820 3529 Defensio
857 3463 902 3515 Τ
899 3465 1102 3513 ridenti·
1188 3465 1407 3529 Concilio
1424 3466 1479 3512 di
1510 3463 1554 3515 T
1552 3473 1710 3524 rento,
1741 3467 1903 3514 scritta
1930 3467 1994 3517 da
2030 3469 2196 3519 Pietro

86 3562 256 3594 norum
284 3562 524 3593 canonum
542 3545 598 3593 de
620 3545 671 3593 E
672 3546 852 3602 cclesioe
877 3555 1103 3612 potestate
1185 3547 1399 3595 Diodoto
1441 3546 1736 3611 Napotitano
1769 3556 1931 3597 contro
1965 3547 2192 3599 l’erroneo

87 3630 144 3675 in
170 3627 455 3678 dirimentia
495 3629 870 3679 Matrimonium
898 3628 1102 3696 impedi·
1185 3631 1413 3681 anonimo
1446 3627 1566 3678 libro
1598 3635 1831 3694 stampato
1870 3632 1929 3679 in
1960 3630 2194 3682 Cremona
