2612 4146
774 231 842 265 nn
882 227 1379 266 muntenni-unum
1423 225 1551 262 usn.
2138 198 2214 257 41

127 395 301 456 porro
322 368 808 452 subsequentibus
827 368 1049 428 omissis
1068 413 1084 444 7
1121 368 1312 427 Sixtus
1336 367 1409 426 IV
1431 411 1448 442 7
1471 366 1535 424 in
1559 374 1744 424 const.
1769 363 1935 423 Licet
1950 383 2016 420 ea
2028 403 2053 433 ,
2080 359 2234 419 hanc

126 467 464 549 proscripsit
502 466 657 524 Petri
705 463 778 523 de
815 465 984 522 Osma
1025 463 1485 545 propositionem
1531 482 1546 519 ε
1587 461 1903 520 Romanus
1951 456 2236 533 Pontifex

129 563 494 643 Puryatorii
494 581 738 638 poenam
757 564 1054 617 remittere
1069 580 1187 617 non
1196 567 1381 635 potest
1404 556 1495 635 (l)
1522 581 1538 629 ς
1569 556 1746 614 LeoX
1771 552 1930 611 hunc
1952 551 2095 610 item
2116 549 2235 607 Lu-

127 656 282 714 theri
318 666 426 713 art.
465 655 620 712 XXII
649 652 985 711 damnavit:
1011 652 1409 730 Indulyentioe
1434 670 1538 708 nee
1575 658 1722 707 sunt
1749 649 2093 705 necessariae
2126 665 2230 703 nee

128 753 303 809 utiles
317 753 572 808 mortuis
593 748 701 826 (2).
723 747 788 804 40
808 748 945 807 Eam
972 745 1188 806 evincit
1203 743 1443 806 demum
1459 741 1800 804 universalis
1816 740 2075 800 Ecclesiae
2099 759 2236 798 sen-

133 867 228 903 sus
253 856 313 904 et
341 845 531 925 praxis
559 842 774 924 ubique
803 851 1032 921 recepta
1059 830 1454 917 Indulgentiae
1478 859 1586 919 pro
1610 836 1894 895 defunctis
1920 833 2236 915 elargiendi

132 949 305 1019 atque
348 936 723 1020 appendendi
759 933 1000 994 tabellas
1024 974 1041 1008 7
1081 930 1293 1013 quibus
1320 931 1412 990 hae
1447 951 1729 990 concessae
1758 930 2112 989 indicantur.
2163 930 2239 988 At

128 1056 268 1095 vero
295 1038 463 1111 juxta
491 1052 725 1091 auream
764 1031 821 1087 S.
855 1027 1157 1107 Augustini
1182 1025 1443 1106 regulam
1475 1047 1488 1083 ε
1533 1027 1606 1084 Si
1637 1026 1794 1104 quid
1815 1028 2101 1082 universa
2121 1045 2241 1103 per
2327 1019 2331 1024 ’

130 1131 326 1189 orbem
365 1132 706 1207 frequentat
734 1124 1041 1193 Ecclesia,
1080 1125 1228 1201 quin
1267 1126 1356 1180 ita
1389 1120 1741 1197 faciendum
1777 1123 1858 1178 sit
1869 1161 1892 1191 ,
1926 1119 2238 1197 disputare

131 1224 673 1282 intolerantissima?
701 1222 966 1277 insanire
991 1228 1074 1277 est
1099 1216 1211 1297 (3).
1245 1217 1412 1295 ErgO.

947 1406 1431 1456 DIFFICULTATES.

206 1535 303 1594 77.
350 1533 478 1612 Obj.
511 1535 574 1593 10
601 1532 923 1593 Concilium
947 1531 1358 1591 Tridentinum
1378 1552 1502 1589 non
1525 1540 1812 1590 memorat
1838 1527 2234 1608 Indulgentias

125 1651 232 1711 pro
249 1628 537 1689 defunctis
553 1673 570 1702 7
600 1628 864 1709 quamvis
879 1628 991 1686 Leo
1006 1628 1059 1685 X
1075 1625 1239 1688 velut
1258 1647 1561 1686 erroneam
1579 1624 1985 1707 proscripserit
1997 1622 2239 1690 Lutheri

126 1725 476 1784 sententiam
492 1735 829 1803 negantem7
853 1727 1109 1782 mortuis
1132 1724 1305 1781 utiles
1320 1743 1435 1781 esse
1447 1722 1886 1801 Indulgentiae.
1905 1720 1973 1777 20
1996 1720 2066 1778 Et
2080 1738 2239 1791 sane,

126 1821 173 1879 si
189 1842 362 1879 nemo
379 1831 571 1901 potest
590 1818 864 1878 meritum
879 1839 1051 1877 suum
1065 1817 1233 1876 alteri
1253 1817 1681 1877 communicare
1698 1861 1714 1890 7
1738 1836 1846 1875 nec
1869 1836 1999 1874 suas
2023 1815 2242 1896 poterit

127 1937 234 1996 pro
269 1915 392 1973 aliis
417 1915 831 1974 satisfactiones
853 1914 1081 1973 offerre.
1119 1913 1184 1972 3⁰
1207 1913 1439 1972 Accedit
1459 1958 1474 1987 7
1501 1913 1793 1971 incertum
1818 1931 2050 1992 semper
2075 1930 2197 1968 esse
2220 1952 2236 1984 7

128 2022 328 2068 utrum
359 2013 510 2070 Deus
536 2021 795 2092 acceptet
824 2008 1220 2089 Indulgentias
1243 2030 1351 2089 pro
1376 2008 1661 2067 defunctis
1688 2027 2004 2065 concessaS.
2037 2004 2104 2062 40
2129 2004 2242 2063 Mi-

129 2125 260 2162 rum
287 2105 532 2185 proinde
556 2116 677 2178 est7
698 2104 861 2163 datas
887 2104 1186 2163 interdum
1202 2125 1234 2161 a
1254 2106 1420 2161 Rom.
1445 2100 1819 2161 Pontificibus
1838 2099 2235 2179 Indulgentias

129 2199 418 2281 plenarias
442 2199 717 2258 altaribus
747 2198 1154 2280 privilegiatis7
1179 2199 1242 2256 in
1266 2196 1475 2280 quibus
1500 2196 1575 2255 ad
1601 2197 1773 2254 unius
1805 2195 1960 2254 Sacri
1988 2193 2243 2254 celebra·

130 2295 352 2353 tionem
400 2293 640 2372 alicujus
694 2293 954 2353 defuncti
1013 2294 1210 2352 anima
1253 2315 1284 2350 a
1339 2292 1663 2372 Purgatorii
1718 2312 1896 2373 poena
1943 2289 2240 2349 liberetur.

129 2389 294 2468 Ergo·

213 2481 309 2541 78.
357 2485 525 2564 Resp.
554 2483 642 2542 Ad
670 2485 749 2541 1¹1¹
771 2529 787 2558 7
812 2486 970 2544 Dist.
1007 2486 1137 2543 Non
1170 2494 1459 2543 memorat
1472 2482 1895 2542 »Tridentinum
1924 2479 2244 2559 indulgen-

136 2576 241 2634 tias
277 2599 383 2657 pro
416 2577 701 2636 defunctis
737 2599 1006 2659 expresse
1037 2600 1139 2637 seu
1177 2579 1482 2660 explicite,
1519 2589 1737 2650 traam
1771 2575 2049 2657 implicite
2070 2620 2086 2650 7
2113 2596 2242 2654 neq.

136 2811 247 2842 vera
281 2787 575 2859 'confessione
593 2831 607 2855 ,
648 2803 692 2842 et
731 2804 846 2843 sunt
886 2794 1057 2862 sepulti
1086 2797 1143 2842 in
1224 2794 1501 2843 Alexandro
1535 2811 1582 2842 vr
1616 2794 1658 2842 Ie
1676 2795 1892 2860 premier
1930 2792 2119 2842 declara
2143 2793 2243 2859 offi-

137 2878 394 2923 coemeterio
436 2877 643 2942 ejusdem
681 2876 915 2926 Ecclesia»
934 2912 949 2936 ‚
987 2886 1032 2925 et
1067 2894 1141 2924 se·
1224 2876 1483 2926 ciellement
1496 2876 1614 2941 qu'il
1626 2876 1857 2925 deliorait
1870 2876 2243 2941 dupurqatoire.

133 2957 374 3022 pelientur
410 2963 557 3023 usque
584 2959 649 3006 ad
678 2960 828 3023 finem
859 2958 1043 3008 saeculi.
1073 2959 1141 3007 Ex
1226 2959 1399 3008 Mirum
1426 2969 1494 3007 est
1515 2995 1530 3018 7
1564 2969 1680 3025 quot
1711 2959 1968 3007 calumnias
1986 2968 2147 3006 auctor
2170 2958 2247 3004 hic

142 3039 213 3086 his
234 3040 522 3089 documentis
552 3039 702 3106 patet,
726 3059 868 3108 quam
894 3043 981 3090 sibi
998 3042 1142 3090 fidem
1226 3046 1486 3107 protestans
1520 3051 1662 3088 struat
1676 3039 1728 3088 in
1741 3040 1974 3088 Romanos
1993 3038 2247 3087 Pontifices

144 3131 369 3170 mereatur
406 3122 456 3170 L.
485 3122 671 3182 Ranke7
702 3126 782 3189 qui
814 3126 863 3171 in
906 3141 988 3172 sua
1017 3123 1144 3172 His·
1200 3120 1202 3122 ’
1228 3134 1276 3174 et
1303 3120 1554 3171 Ecclesiam
1593 3122 1886 3171 catholicam.
1916 3120 2064 3185 Quem
2093 3130 2245 3168 tamen

142 3202 259 3248 toire
287 3203 343 3250 de
363 3202 409 3250 Ia
435 3203 657 3270 Papaute
675 3241 691 3266 ,
724 3206 922 3253 traduite
954 3206 1012 3253 de
1039 3204 1144 3253 l’al-
1230 3204 1444 3253 nonnulli
1470 3213 1692 3270 tanquam
1734 3212 2054 3269 protestantem
2084 3199 2252 3250 mode-

143 3281 254 3330 lem.
276 3299 356 3347 par
372 3283 441 3334 M.
468 3285 504 3333 1.
525 3286 583 3334 R.
614 3286 803 3335 Haiber.
828 3287 970 3335 Paris.
997 3285 1144 3346 1838,
1230 3296 1381 3334 ratum
1407 3285 1538 3333 uobis
1559 3285 1804 3333 obtrudere
1834 3283 2018 3332 vellent.

145 3373 260 3410 tom.
294 3380 310 3409 1
330 3400 343 3424 ‚
377 3364 459 3414 liv.
485 3381 501 3413 1
522 3404 534 3425 ,
562 3385 666 3433 cap.
700 3385 728 3416 2
756 3406 769 3425 7
796 3367 822 3434 ὃ
852 3385 880 3416 2
900 3406 914 3429 ‚
935 3387 1042 3433 pag.
1058 3367 1147 3435 93,
1305 3367 1373 3432 (l)
1390 3365 1523 3432 Apud
1540 3367 1767 3415 Harduin.
1789 3363 1915 3414 Acta
1934 3363 2115 3412 Concil.
2133 3374 2247 3412 tom.

147 3444 335 3492 scribit:
357 3444 587 3496 C’etaient
601 3450 804 3513 euoe(les
818 3450 1148 3514 Franciscains)
1232 3467 1276 3497 ix
1299 3486 1313 3508 ‚
1352 3447 1442 3497 col.
1479 3446 1623 3515 1499.

146 3527 234 3589 qui
271 3526 547 3576 entr'autres
587 3532 840 3587 vendaient
878 3531 944 3580 les
973 3530 1151 3579 Indul-
1305 3531 1367 3595 (2)
1404 3530 1523 3579 [bid.
1548 3530 1638 3578 col.
1687 3524 1845 3594 1894,
1885 3527 1950 3576 ibi
1981 3538 2140 3576 tamen
2182 3537 2246 3576 est

145 3623 311 3670 qences
342 3609 609 3674 uumquelles
625 3628 686 3660 on
699 3612 860 3661 donna
886 3630 979 3661 une
995 3622 1156 3662 exten·
1239 3613 1461 3662 articulus
1483 3628 1596 3659 xvu.

150 3689 257 3736 sion
288 3692 335 3738 si
367 3692 766 3743 extraordinaire.
786 3693 837 3742 A
860 3703 972 3744 cette
987 3699 1160 3760 epoque
1310 3694 1379 3757 (3)
1420 3693 1579 3757 Epist.
1617 3709 1687 3742 uv
1715 3692 1780 3740 ad
1809 3691 2026 3741 Jauuar.
2054 3709 2102 3739 n.
2123 3687 2171 3737 6.
