2554 4126
329 164 445 224 112
1035 184 1361 225 'ruscum-os
1404 188 1474 228 nn
1517 190 1746 227 oenum.

327 333 605 416 plicatam
631 332 783 400 hanc
802 349 924 388 esse
950 328 1352 410 quaestionem.
1373 328 1523 388 [llud
1549 342 1773 391 certum
1804 331 2067 393 videtur:
2097 333 2158 392 10
2168 338 2292 412 jam
2318 335 2456 395 inde

327 451 361 488 a
399 428 572 488 seculi
612 428 683 486 IV
719 424 887 482 initio
921 426 984 481 in
1026 423 1268 483 Oriente
1308 446 1403 484 eos
1439 425 1722 504 viguisse,
1761 440 1828 487 ut
1859 440 2023 510 patet
2064 449 2135 487 ex
2172 450 2297 488 can.
2321 432 2457 489 XIII

330 523 573 584 Concilii
609 520 1087 580 Neocaesariensis
1117 519 1208 599 (l)
1235 531 1294 578 et
1322 541 1391 579 ex
1431 541 1559 578 can.
1593 522 1696 580 XII
1733 523 1973 582 Concilii
2003 525 2288 604 Ancyrani
2328 527 2454 604 (2)3

327 621 391 678 in
433 617 747 676 Occidente
772 634 911 675 ver-o
942 637 1053 675 sec.
1099 617 1177 689 V.
1220 627 1286 673 ut
1318 627 1546 674 constat
1574 638 1645 675 ex
1675 617 1852 677 Conc.
1894 621 2137 699 Regensi
2167 621 2228 678 in
2259 619 2459 680 Galliis

328 734 484 773 anno
526 712 644 771 439
679 711 968 771 celebrato
995 712 1107 793 (3).
1151 713 1219 769 20
1257 713 1497 771 Certum
1539 712 1758 793 pariter
1788 713 2020 774 videtur
2043 762 2060 790 ‚
2103 715 2458 797 quandoque

333 810 790 892 Chorepiscopos
823 810 994 870 fuisse
1017 810 1299 889 dignitate
1325 809 1636 891 episcopali
1664 810 1969 889 insignitos
1994 857 2008 885 .,
2037 824 2103 871 ut
2134 812 2461 894 plurimum

334 918 532 966 autem
547 905 668 964 solo
689 904 1095 986 Presbyteratu
1114 905 1222 986 (4)
1245 903 1423 963 Nobis
1446 904 1724 964 videntur
1741 906 2148 989 Chol-episcopi
2168 908 2460 968 ordinario

330 1008 459 1081 jure
482 1024 603 1061 non
627 1002 799 1061 fuisse
819 1002 931 1060 nisi
951 1003 1369 1084 Episcoporum
1394 1000 1688 1079 adjutores
1710 1047 1726 1075 ,
1753 1002 2007 1060 ministri
2035 1014 2210 1084 atque
2237 1004 2459 1080 vicarii,

332 1120 402 1158 ea
434 1099 554 1158 fere
591 1099 818 1157 ratione
838 1143 852 1172 ,
881 1119 992 1178 qua
1027 1097 1225 1157 vicarii
1258 1096 1478 1156 foranei
1516 1097 1674 1178 apud
1701 1119 1807 1156 nos
1835 1107 1973 1155 sunt
2005 1096 2111 1176 (5).

420 1194 517 1253 80.
538 1195 922 1253 Diaconatum
940 1195 1383 1252 Sacramentum
1405 1213 1557 1268 esse,
1583 1194 1908 1251 communis
1934 1204 1992 1252 et
2015 1203 2168 1252 certa
2185 1205 2272 1253 est
2287 1193 2469 1255 Theo·

338 1291 601 1370 logorum
622 1291 914 1350 sententia
944 1288 1063 1371 (6);
1094 1290 1226 1371 quia
1248 1289 1310 1347 in
1332 1289 1526 1370 ipsum
1547 1290 1909 1349 conveniunt
1926 1289 2128 1349 divina
2156 1290 2466 1367 institutio,

337 1388 533 1466 gratiae
568 1386 878 1468 promissio
919 1398 978 1444 et
1012 1386 1159 1444 ritus
1188 1396 1463 1444 externus
1488 1430 1504 1459 ,
1542 1386 1628 1443 uti
1665 1406 1735 1444 ex
1772 1384 1948 1466 paulo
1984 1397 2121 1446 ante
2160 1385 2470 1467 disputatis

340 1494 540 1565 aperte
578 1483 781 1564 liquet.
818 1484 886 1539 In
925 1481 1298 1540 ordinatione
1336 1481 1495 1540 enim
1528 1481 1923 1539 Diaconorum
1951 1481 2162 1540 dicitur
2197 1503 2211 1538 ε
2249 1483 2469 1561 Accipe

338 1581 645 1659 Spiritum
689 1579 1018 1645 Sanctum;
1050 1575 1206 1657 quod
1242 1598 1363 1634 non
1393 1577 1603 1634 frustra
1632 1577 1879 1658 proferri
1914 1578 2183 1637 definivit
2216 1578 2470 1638 Triden-

339 1675 461 1733 tina
493 1673 785 1754 SynoduS‚
812 1695 938 1731 can.
969 1673 1062 1730 IV.
1097 1673 1240 1752 Ipsis
1274 1672 1338 1729 in
1367 1670 1751 1731 Ordinatione
1788 1694 1994 1731 manus
2018 1673 2362 1751 imponitur.
2383 1673 2471 1733 De

337 1770 540 1830 divina
560 1770 798 1830 demum
816 1770 1188 1828 institutione
1207 1769 1554 1827 Diaconatus
1576 1772 1772 1828 Patres
1797 1769 2183 1850 antiquissimi
2206 1769 2472 1850 superius

342 1866 580 1925 adducti
609 1888 715 1925 nos
740 1866 1104 1938 docueruntz,
1143 1865 1303 1946 quod
1339 1876 1397 1924 et
1433 1865 1845 1923 Tridentinum
1874 1887 1996 1923 non
2025 1863 2268 1923 obscure
2293 1863 2474 1923 tradit

339 1963 401 2020 in
440 1962 535 2021 cit.
579 1983 705 2021 can.
751 1963 844 2020 VI.
892 1962 1081 2033 Quare
1120 1961 1469 2019 Diaconatus
1514 1959 1744 2018 definiri
1785 1972 1979 2042 potest
2027 1961 2188 2021 Ordo
2226 1982 2395 2020 sacer
2419 1971 2478 2020 ec

339 2061 807 2118 Sacramentum
824 2105 839 2127 ,
874 2079 990 2136 quo
1013 2067 1264 2136 potestas
1287 2057 1596 2115 tribuitur
1605 2059 1888 2135 promime
1914 2058 2283 2115 inserviendi
2302 2058 2474 2115 Pres-

342 2156 541 2234 bytero
575 2176 703 2213 rem
741 2175 983 2212 sacram
1020 2146 1297 2230 [amenti.
1338 2155 1540 2232 Neque
1582 2152 1748 2210 obest
1780 2153 2108 2234 septenario
2138 2155 2475 2211 Sacramen—

342 2261 539 2308 torum
570 2270 818 2308 numero
839 2294 855 2323 7
890 2249 935 2306 si
970 2247 1219 2327 dignitas
1252 2247 1688 2306 sacramentalis
1715 2246 2008 2306 tribuatur
2037 2248 2214 2306 etiam
2246 2248 2475 2329 Episco-

341 2346 505 2428 patui
531 2366 597 2404 ac
637 2344 1011 2417 Diaconatui3
1048 2364 1252 2402 omnes
1285 2343 1444 2402 enim
1474 2352 1729 2418 norunt,
1761 2342 1866 2403 hos
1895 2342 2145 2403 Ordines
2186 2363 2310 2402 non
2351 2364 2473 2403 esse

410 2539 478 2603 (l)
503 2538 639 2605 Apud
668 2538 814 2586 Hard.
849 2538 980 2586 Acta
1007 2539 1156 2586 Cone.
1178 2547 1297 2586 tom.
1318 2546 1332 2584 ἰ
1354 2575 1367 2598 ,

354 2623 447 2673 col.
499 2620 629 2685 1863
671 2622 956 2670 celebratum
1002 2638 1137 2687 porro
1176 2630 1244 2669 est
1280 2621 1371 2669 hoc

356 2705 620 2753 Concilium
647 2722 770 2752 anno
804 2701 921 2765 314.

418 2787 485 2851 (2)
526 2786 646 2834 1bid.
669 2786 761 2834 col.
794 2782 893 2851 275
915 2822 928 2845 ‚
948 2803 1002 2833 ex
1019 2803 1133 2833 vers.
1154 2784 1372 2851 Dionysii

347 2868 535 2934 Exigui3
552 2870 722 2916 namin
739 2867 917 2915 collect.
936 2867 1099 2915 Isidori
1117 2877 1183 2915 est
1196 2885 1246 2915 n.
1265 2884 1373 2916 xm.

351 2952 525 3001 Eodem
553 2967 677 2999 anno
698 2950 787 2997 hoc
802 2948 1071 2997 Concilium
1090 2948 1374 2998 celebratum

349 3046 416 3086 est
441 3052 496 3083 ac
520 3033 910 3082 Neocaesariense.

420 3117 486 3182 (3)
523 3116 644 3165 Can.
680 3132 751 3163 111.
785 3113 906 3162 Ibid.
939 3113 1030 3162 col.
1071 3109 1221 3180 1749.

417 3199 603 3263 (10)Cfr.
628 3197 836 3246 Morinus
858 3214 936 3261 op.
961 3198 1042 3245 cit.
1062 3194 1287 3244 Exercit.
1305 3213 1371 3257 lv,

351 3300 454 3348 cap.
497 3298 558 3345 23
603 3280 713 3330 Nat.
746 3278 979 3327 Alexand.
1018 3280 1068 3325 in
1093 3278 1377 3344 Appendice

354 3365 413 3414 ad
437 3364 549 3414 diss.
571 3381 689 3411 xuv.
717 3364 766 3411 in
785 3362 932 3411 seeul.
961 3375 1026 3424 [νς
1047 3359 1246 3410 Witasse
1264 3398 1277 3419 ‚
1295 3360 1378 3409 De

356 3449 578 3495 Sacram.
601 3444 781 3493 Ordin.
817 3454 937 3510 part.
968 3460 1001 3491 u
1022 3480 1035 3504 ‚
1067 3445 1118 3490 in
1145 3443 1375 3509 Append.

355 3531 414 3580 ad
439 3537 597 3594 quaest.
628 3544 645 3573 1
662 3565 675 3587 ‚
693 3536 777 3575 art.
800 3528 828 3576 3
857 3545 870 3591 ;
908 3526 1047 3576 Joan.
1079 3524 1377 3584 Assemanus,

358 3610 486 3662 Bibl.
515 3608 709 3656 Orient.
733 3619 848 3659 tom.
882 3627 934 3658 ul
950 3643 966 3671 ‚
1005 3618 1106 3674 part
1133 3645 1147 3673 ,
1173 3624 1208 3656 11
1226 3630 1243 3670 ⁷,
1270 3625 1375 3673 pag.

358 3693 458 3744 826
493 3703 538 3743 et
572 3707 703 3758 seqq.

1520 2536 1589 2600 (5)
1627 2536 1795 2586 Praeter
1844 2539 1944 2585 citt.
1991 2547 2200 2587 auctores
2236 2538 2319 2586 cfr.
2351 2537 2479 2586 Tho-

1451 2622 1680 2669 massinus
1700 2655 1715 2681 ,
1759 2618 1834 2668 De
1867 2627 2018 2668 vetere
2055 2628 2101 2668 et
2130 2637 2258 2668 nova
2285 2619 2477 2685 discipl.

1453 2715 1572 2771 part.
1607 2721 1658 2764 1,
1691 2704 1777 2752 lib.
1811 2721 1875 2764 u,
1909 2721 2013 2769 cap,
2051 2720 2069 2751 1
2096 2739 2114 2765 ‚
2146 2703 2172 2769 g
2213 2719 2305 2765 103
2335 2703 2478 2768 Aloy·

1452 2789 1546 2835 sius
1557 2785 1698 2834 Nardi
1710 2789 1760 2834 in
1774 2785 2009 2835 excellenti
2026 2803 2104 2850 op.
2121 2784 2475 2849 Deiparrochi,

1454 2867 1619 2916 Pesaro
1664 2865 1791 2933 1829
1813 2905 1826 2925 ‚
1873 2877 1990 2917 tom.
2015 2883 2064 2926 1,
2107 2884 2211 2931 cap.
2263 2864 2363 2931 163
2396 2870 2479 2933 qui

1455 2952 1625 2998 invicte
1639 2959 1855 3014 praeterea
1871 2951 2068 3013 insurgit
2087 2950 2137 2996 in
2154 2947 2183 2996 J
2188 2952 2442 2997 uveninum
2460 2986 2475 3010 ‚

1456 3030 1559 3080 Van
1588 3031 1843 3096 Espenium
1884 3030 2089 3096 aliosque
2114 3066 2130 3091 ‚
2172 3033 2253 3096 qui
2286 3042 2480 3080 conten-

1455 3115 1598 3175 dunt,
1623 3114 1981 3181 Parochosjuris
2001 3132 2094 3163 esse
2113 3115 2257 3162 divini
2277 3153 2289 3172 ‚
2308 3133 2360 3163 ac
2373 3133 2478 3164 suc-

1456 3213 1654 3245 cessores
1696 3201 1978 3262 septuaginta
2023 3197 2388 3262 discipulorum3
2426 3215 2479 3246 ac

1457 3280 1605 3327 multa
1623 3282 1804 3343 corrigit
1819 3298 1870 3328 ex
1889 3281 1944 3327 iis
1958 3317 1970 3340 ‚
1987 3298 2087 3346 quae
2113 3280 2320 3329 Morinus
2336 3283 2479 3346 scrip-

1457 3364 1515 3409 sit
1542 3362 1599 3411 de
1631 3362 1999 3428 Chorepiscopis.
2457 3421 2462 3429 ι

1529 3444 1595 3508 (6)
1629 3444 1828 3510 Negant,
1862 3444 2171 3494 Diaconatum
2196 3462 2291 3494 esse
2322 3443 2479 3492 Sacra-

1459 3536 1670 3575 mentum
1707 3563 1720 3586 ,
1758 3525 2009 3575 Durandus
2046 3530 2094 3575 in
2129 3525 2190 3590 4,
2230 3527 2338 3575 dist.
2380 3522 2445 3587 24
2468 3562 2482 3585 ‚

1460 3619 1633 3674 quaest.
1670 3624 1732 3668 2,
1765 3627 1816 3659 n.
1858 3606 1891 3656 6
1915 3646 1927 3669 ‚
1963 3619 2009 3658 et
2041 3608 2281 3675 Caietanus
2316 3618 2429 3656 tom.
2459 3620 2476 3651 1

1467 3689 1843 3756 opusculorum,
1866 3691 2037 3758 aliique
2049 3690 2203 3758 pauci.
