2508 4120
2157 184 2265 243 181

605 207 724 243 CAP.
774 207 831 245 V.
877 208 944 242 DE
986 206 1274 243 GAELIBATU
1317 204 1655 243 EGGLESIAST.
1706 206 1827 242 E'rc.

173 346 414 407 reddere
436 358 659 428 potest3
692 349 789 429 qui
816 358 1088 428 praeterea
1113 348 1330 406 facilius
1354 349 1416 406 in
1445 348 1703 429 ipsorum
1725 355 2036 427 parentum
2066 345 2269 404 volun-

171 454 350 502 tatem
391 466 516 501 eam
541 445 939 502 auctoritatem
978 442 1219 501 influere
1261 442 1446 519 valet,
1484 465 1661 522 quam
1683 443 1792 522 ipsi
1830 441 1890 498 in
1927 440 2128 499 ceteris
2157 442 2262 499 de·

170 540 478 619 spicerent.
518 540 598 596 Ex
626 538 715 596 his
752 550 944 597 autem
974 537 1192 619 pendet
1229 537 1407 597 civilis
1444 536 1666 595 cultura
1690 548 1749 595 et
1783 536 2069 594 institutio
2089 580 2104 608 ,
2137 548 2266 616 q'uae

172 655 238 691 eo
270 634 448 711 magis
471 634 673 694 crescit
692 677 706 706 ,
737 654 849 712 quo
871 637 1149 709 majorem
1177 630 1465 688 influxum
1487 651 1751 689 exercere
1775 641 1965 710 potest
1988 650 2144 688 sacer
2168 631 2265 688 Ec-

167 727 347 786 clesiae
386 728 670 785 minister.
717 729 855 786 Haec
897 737 1091 784 autem
1125 725 1419 803 religiosa,
1473 723 1877 782 intellectualis
1923 745 1986 782 ac
2027 723 2260 782 moralis

165 821 449 878 institutio
479 820 553 878 ad
575 819 755 879 bonas
783 832 933 879 artes
956 821 1131 878 etiam
1148 840 1208 876 se
1228 816 1559 898 protendit,
1587 818 1661 877 ad
1693 818 1956 877 scientias
1972 863 1988 893 ‚
2013 818 2257 893 litteraS‚

164 926 463 996 totamque
491 915 727 994 ingenui
757 916 894 972 civis
930 914 1108 973 vitam
1136 911 1249 992 (l).

241 1010 379 1069 217.
425 1010 818 1069 Beneficentiae
850 1009 1087 1066 demum
1123 1018 1298 1087 atque
1326 1005 1618 1064 charitatis
1661 1005 1927 1077 instituta
1968 1019 2161 1066 ortum
2199 1019 2257 1068 et

160 1105 620 1177 incrementum«,
661 1103 754 1163 vel
783 1124 850 1161 ex
891 1113 1014 1160 toto
1044 1100 1138 1170 vel
1167 1122 1375 1180 magna
1410 1099 1615 1158 saltem
1651 1121 1722 1158 ex
1758 1111 1957 1180 parte,
1993 1123 2025 1159 a
2062 1100 2257 1162 caelibe

151 1194 441 1256 sacrorum
467 1197 865 1255 ministrorum
887 1196 1006 1255 vita
1030 1194 1307 1275 pendere,
1338 1195 1460 1274 ipsa
1492 1194 1766 1274 patefacit
1794 1194 1899 1267 rei,
1919 1194 1992 1253 de
2007 1215 2119 1274 qua
2134 1197 2256 1274 agi-

152 1315 280 1351 mus
299 1337 317 1367 ,
345 1303 572 1349 natura.
599 1291 713 1370 Ipsi
731 1291 911 1363 enim,
941 1289 1148 1371 quibus
1173 1284 1598 1370 orphanorum,
1626 1310 1832 1346 senum
1852 1333 1868 1362 7
1889 1288 2257 1347 infirmorum

152 1407 215 1445 ac
249 1387 589 1444 miserorum
620 1384 790 1442 turba
822 1382 1172 1443 demandata
1210 1393 1334 1456 est,
1369 1382 1553 1443 veluti
1588 1383 1849 1443 omnium
1888 1395 2159 1463 parentes
2185 1404 2251 1442 ac

148 1480 430 1558 refugium
464 1480 527 1536 in
558 1480 827 1537 societate
864 1489 1201 1560 spectantur
1234 1498 1302 1536 eo
1332 1477 1652 1558 praesertim
1676 1477 1916 1535 nomine
1940 1522 1956 1552 .‚
1991 1478 2149 1559 quod
2170 1477 2244 1536 ab

215 1714 230 1775 (
240 1713 284 1776 1)
318 1711 435 1761 Satis
464 1724 531 1762 est
562 1730 823 1778 comparare
842 1715 961 1760 inter
988 1729 1033 1760 se
1066 1729 1152 1777 pu·

144 1792 263 1841 blica
296 1795 486 1842 aedificia
505 1831 521 1856 ‚
552 1796 721 1859 templa
743 1794 991 1859 praesertim
1009 1830 1023 1851 ‚
1044 1793 1153 1840 hos-

144 1877 252 1937 pitia
276 1875 455 1940 aliaque
469 1876 715 1939 ejusmodi,
737 1892 840 1941 quae
856 1893 883 1923 a
909 1873 1153 1922 Catholicis

145 1958 332 2002 excitata
383 1967 488 2004 sunt
529 1968 627 2005 tum
663 1959 814 2005 medio
842 1972 936 2004 aevo
967 1965 1064 2003 tum
1086 1973 1154 2002 se-

145 2038 304 2100 quenti
323 2046 453 2084 aetate
486 2036 661 2102 ubique
687 2048 939 2094 terrarum,
972 2053 1151 2084 necnon

142 2128 441 2165 monumenta
465 2119 709 2182 sculpturae
728 2154 745 2178 ,
776 2119 1086 2165 architecturae
1109 2126 1153 2164 et

140 2199 328 2262 picturae
353 2234 365 2257 ‚
396 2215 502 2246 cum
538 2200 737 2246 aedificiis
763 2199 954 2262 aliisque
980 2215 1150 2245 monu-

146 2282 312 2327 mentis
335 2279 683 2327 protestantium
703 2317 715 2338 ‚
758 2291 809 2327 ut
839 2281 1046 2345 quisquis
1076 2281 1150 2325 in-

144 2359 347 2423 telligat,
390 2361 532 2408 solam
579 2361 845 2424 religionem
880 2359 1150 2408 catholicam

143 2439 321 2503 pulchri
341 2458 395 2488 ac
415 2441 645 2503 magnifici
673 2442 868 2489 idealem
896 2451 1033 2506 atque
1052 2478 1066 2500 ‚
1100 2450 1152 2488 ut

144 2522 205 2567 ita
233 2521 411 2580 dicam,
450 2521 675 2569 coelestem
711 2524 1057 2585 inspirationem
1076 2524 1151 2568 in-

146 2619 316 2664 gerere.
349 2602 500 2650 Facile
529 2605 726 2666 quisque
753 2603 839 2649 levi
869 2603 1150 2666 inspectione

146 2686 266 2730 inter
306 2685 398 2731 duo
432 2693 511 2731 aut
538 2683 668 2748 plura
702 2685 942 2731 simulacra
973 2695 1049 2731 aut
1086 2695 1152 2735 ta-

145 2766 276 2814 bulas
293 2770 431 2830 pictas
449 2769 705 2815 discernere
731 2778 875 2831 potest
902 2770 1020 2815 inter
1037 2785 1148 2830 opus

147 2845 370 2896 Catholici
419 2860 462 2897 et
511 2866 622 2913 opus
663 2849 971 2897 protestantis.
1017 2848 1149 2897 Caret

146 2929 272 2977 enim
294 2933 422 2979 istius
436 2934 617 2979 animus
634 2933 816 2995 pietate,
837 2949 976 2996 qua-m
1004 2948 1145 2995 prop-

146 3020 264 3059 terea
291 3016 450 3079 nequit
476 3015 726 3076 exprimere
752 3015 801 3060 in
839 3013 1051 3077 operibus
1073 3015 1148 3060 in-

149 3094 269 3156 genii
293 3097 381 3143 sui.
415 3094 511 3143 Cfr.
544 3095 820 3155 Rubichon,
850 3113 927 3160 op.
962 3098 1041 3144 cit.
1076 3093 1148 3143 De

148 3170 338 3220 l’action
369 3175 434 3222 du
465 3175 637 3241 clerqe,
669 3187 782 3238 etc.,
815 3176 888 3224 ch.
930 3193 987 3224 10
1007 3214 1020 3236 ‚
1058 3177 1148 3225 Du

149 3253 315 3301 celilmt
334 3255 451 3303 dane
477 3274 547 3305 see
569 3267 785 3324 rapport-⁴3
810 3273 920 3304 avec
936 3257 981 3336 lo
991 3275 1147 3323 popu·
1184 3288 1191 3294 -

151 3333 334 3396 lation,
375 3354 481 3401 pag.
529 3337 623 3406 287
668 3346 714 3388 et
741 3338 885 3399 suiv;
922 3356 1010 3387 nec
1051 3358 1145 3388 non

151 3418 325 3480 egregia
351 3435 484 3481 opera
511 3419 729 3485 Cypriani
765 3421 933 3468 Robert
958 3437 972 3467 :
1000 3418 1151 3470 Essai

151 3499 291 3546 d’une
305 3500 605 3567 philosophie
635 3505 690 3551 de
730 3504 842 3551 l'art
863 3541 876 3563 ,
914 3521 975 3551 ou
1002 3506 1152 3553 intro-

151 3580 344 3630 duction
370 3584 400 3630 ὰ
427 3583 593 3631 Ρέιαάε
620 3584 698 3632 des
721 3602 994 3633 monumem
1020 3586 1153 3639 chre-

157 3665 310 3727 tiens,
341 3665 464 3714 Paris
517 3664 639 3731 1837
669 3701 684 3727 ,
732 3684 838 3715 cum
879 3668 1154 3716 lectionibus

1242 1728 1343 1777 quae
1394 1712 1512 1758 circa
1561 1719 1860 1757 monumenta
1905 1709 2151 1758 christiana
2185 1710 2252 1778 ¹in

1238 1792 1392 1840 lucem
1422 1808 1480 1839 ex
1513 1791 1675 1839 eodem
1726 1802 1909 1838 auctore
1947 1791 2249 1855 prodierunt,

1240 1884 1284 1921 et
1319 1874 1381 1922 D.
1417 1872 1536 1932 Rio,
1585 1872 1665 1920 De
1697 1871 1744 1918 la
1787 1873 1943 1936 poesie
1984 1872 2253 1919 chretienne

1238 1955 1360 2001 dam
1396 1970 1468 2000 ses
1491 1954 1744 2017 principes
1764 1990 1776 2011 ‚
1809 1953 1931 2016 dans
1973 1970 2028 2000 sa
2061 1954 2258 2000 mati'ere

1237 2042 1281 2081 et
1315 2034 1436 2081 dans
1462 2050 1533 2079 ses
1562 2033 1738 2096 formes
1763 2070 1776 2089 ‚
1804 2051 1896 2080 una
1933 2050 2040 2080 cum
2071 2033 2250 2098 analysi

1237 2133 1291 2164 ac
1320 2115 1716 2163 observationibus
1759 2114 1833 2162 Cl.
1861 2132 1984 2162 com.
2019 2115 2076 2162 de
2111 2114 2249 2162 Mon-

1238 2198 1498 2255 talambert‚
1529 2196 1651 2243 Paris
1688 2193 1830 2261 1837.
1864 2195 1952 2243 Hic
1978 2212 2114 2259 porro
2144 2212 2252 2243 auc-

1236 2289 1306 2326 tor
1335 2287 1563 2343 spectatur
1600 2289 1822 2343 tanquam
1850 2278 2088 2324 aestheticae
2128 2277 2251 2324 chri-

1236 2362 1391 2407 stianae
1405 2363 1695 2407 instaurator.
1705 2358 1838 2405 Anno
1852 2357 2251 2422 elapsoD.Welby

1235 2442 1383 2505 Pugin
1412 2477 1426 2498 ‚
1467 2441 1736 2489 architectus
1787 2439 2002 2503 Anglus7
2049 2457 2103 2487 ex
2146 2440 2244 2487 sola

1240 2524 1580 2585 comparatione
1619 2530 2027 2567 monumentorum
2076 2519 2247 2567 Catho-

1234 2603 1427 2650 licorum
1467 2612 1512 2650 et
1548 2601 1898 2648 protestantium
1939 2603 2138 2664 primum
2166 2605 2246 2648 sti-

1236 2684 1415 2730 mulum
1443 2683 1608 2730 habuit
1642 2683 1700 2749 ad
1736 2682 2098 2745 amplectendam
2138 2683 2246 2729 reli-

1234 2767 1415 2828 gionem
1470 2764 1742 2811 catholicam
1794 2763 1938 2811 veluti
1992 2763 2198 2810 divinam
2227 2800 2242 2823 ‚

1234 2857 1368 2910 prout
1402 2848 1545 2910 reipsa
1582 2846 1705 2893 fecit.
1745 2844 1848 2892 Csr.
1887 2847 1985 2910 ejus
2018 2862 2130 2908 opus
2166 2847 2236 2892 in·

1233 2930 1453 2992 scriptum
1491 2945 1505 2975 ς
1539 2925 1755 2976 Between
1785 2927 1860 2974 the
1888 2925 2020 2974 noble
2048 2926 2240 2990 edifices

1233 3013 1292 3076 of
1339 3012 1414 3059 tlte
1472 3029 1550 3059 xiv
1590 3010 1693 3058 and
1739 3028 1801 3058 xv
1849 3014 2087 3057 centurias
2141 3008 2241 3055 and

1216 3094 1424 3142 >similar
1453 3092 1692 3157 buildinqs
1725 3093 1786 3156 of
1809 3092 1882 3138 the
1915 3098 2111 3157 present
2144 3090 2240 3154 day

1232 3177 1442 3240 ellewinq
1486 3174 1560 3222 the
1601 3175 1748 3238 decay
1786 3173 1846 3237 of
1876 3181 1991 3219 taste
2023 3191 2042 3228 ‚¹
2086 3171 2236 3220 Lond.

1239 3256 1363 3325 1837
1384 3278 1397 3322 3
1421 3269 1520 3306 tum
1554 3275 1566 3305 :
1597 3255 1681 3304 An
1709 3254 1906 3320 apoloqy
1927 3255 2008 3316 for
2025 3252 2102 3300 the
2126 3270 2239 3300 con-

1231 3349 1371 3387 tra-scs
1395 3378 1408 3400 ‚
1444 3341 1584 3404 heinq
1617 3355 1646 3385 a
1688 3337 1876 3400 defence
1910 3335 1970 3398 of
1984 3334 2059 3382 the
2085 3352 2238 3384 asser-

1233 3426 1357 3471 tions
1405 3420 1646 3469 advanced
1690 3418 1741 3464 in
1791 3417 1892 3464 that
1935 3416 2243 3481 publication

1234 3506 1426 3567 aqainsl
1443 3502 1517 3549 the
1539 3501 1728 3548 various
1757 3497 1936 3546 anaolcs
1954 3498 2090 3545 niodo
2106 3514 2245 3563 upon

1235 3587 1389 3651 it‚By
1415 3585 1587 3649 Welby
1619 3582 1796 3646 Pugin‚
1843 3600 1944 3648 esq.
1979 3581 2155 3631 *author
2191 3578 2246 3625 of

1237 3668 1315 3716 the
1338 3667 1461 3716 book
1498 3668 1547 3713 in
1585 3666 1837 3730 question,
1877 3664 2032 3722 Lond.‚
2064 3660 2209 3727 18373.
