2508 4120
518 223 638 259 on».
685 223 743 260 v.
793 223 860 259 nn
904 222 1182 261 cAEunA‘ru
1224 217 1560 259 Eoctnsmsr.
1609 218 1733 256 mc·
2059 194 2170 253 157

80 387 142 425 re
166 365 298 424 licet
329 385 363 422 a
398 364 616 445 puriori
652 362 949 444 disciplina
988 338 1320 434 defleizerit7
1352 360 1513 420 nulla
1547 370 1747 418 tamen
1775 356 1996 417 ratione
2033 358 2176 417 Pro-

79 458 422 519 testantibus
455 459 796 537 suffragatur
818 458 928 539 (l).

879 655 1285 709 PROPOSITIO
1320 656 1390 707 II.

167 808 551 864 Continentioe
593 805 684 861 lem
724 806 911 862 sacris
951 804 1252 860 ministris
1294 803 1574 882 imposita
1615 801 1881 859 clericali
1919 806 2106 862 statui

791 898 1343 958 convenientissima
1385 904 1483 955 est.

166 1128 300 1186 169.
350 1127 453 1186 Illa
476 1128 632 1186 enim
654 1126 749 1186 lex
769 1127 1032 1207 apprime
1053 1125 1404 1186 conveniens
1429 1121 1672 1182 clericali
1698 1124 1873 1182 statui
1897 1126 2181 1186 censenda

78 1234 196 1294 est,
229 1242 354 1303 quae
379 1234 508 1280 tum
538 1221 672 1280 vitae
700 1219 1143 1278 sanctimoniam
1168 1218 1400 1299 praefert
1419 1263 1434 1292 7
1474 1229 1603 1275 tum
1643 1219 1814 1276 sacris
1843 1218 2182 1278 muneribus

79 1319 190 1377 rite
227 1316 507 1376 obeundis
542 1315 809 1374 conducit
833 1361 848 1389 7
886 1327 1015 1374 tum
1050 1315 1147 1373 illa
1191 1325 1346 1374 arcet
1377 1314 1802 1395 impedimenta
1826 1359 1843 1389 7
1883 1334 2009 1396 quae
2050 1336 2185 1374 cum

80 1411 468 1471 ecclesiasticae
504 1410 644 1469 vitae
693 1411 961 1468 instituto
1001 1421 1303 1491 nequeunt
1339 1404 1669 1468 consociari.
1712 1409 1860 1468 Talis
1890 1431 2062 1489 porro
2098 1422 2185 1470 est

79 1505 171 1563 lex
197 1504 569 1564 continentiae
595 1507 768 1564 sacris
797 1504 1078 1563 ministris
1102 1505 1392 1586 imposita.

163 1599 297 1658 170.
348 1602 424 1658 Α6
450 1600 641 1681 primo
665 1599 902 1680 quidem
928 1610 1193 1657 sanctam
1211 1619 1334 1658 esse
1356 1599 1732 1658 continentiae
1753 1598 1939 1678 legem
1961 1601 2187 1659 ratione

80 1692 286 1771 objecti
314 1696 400 1751 sui
423 1738 437 1767 7
477 1715 650 1752 nemo
674 1693 892 1751 inficias
919 1693 1116 1769 iverit,
1155 1695 1254 1774 qui
1270 1694 1605 1752 meminerit
1628 1739 1643 1768 7
1678 1695 2100 1753 continentiam
2127 1705 2187 1754 et

78 1788 254 1847 semel
289 1800 347 1847 et
381 1789 594 1847 iterum
639 1810 672 1846 a
730 1788 958 1846 Christo
997 1789 1299 1848 Servatore
1338 1800 1538 1846 nostro
1581 1799 1640 1848 et
1692 1788 1765 1846 ab
1805 1789 2086 1870 Apostolis
2128 1801 2188 1849 et

80 1882 241 1941 factis
282 1894 341 1941 et
379 1882 608 1957 verbis7
655 1903 1024 1963 summopere
1071 1882 1539 1942 commendatam
1585 1883 1777 1942 fuisse.
1822 1885 1987 1942 Hanc
2027 1885 2185 1942 enim

80 1998 219 2036 vero
258 1977 517 2036 Christus
555 1979 930 2037 sanctificavit
964 1978 1024 2035 in
1065 1999 1124 2037 se
1171 1979 1335 2058 ipso7
1376 1988 1435 2036 et
1481 1977 1913 2037 commendavit
1937 2023 1952 2051 7
2005 1978 2146 2037 dum
2168 2024 2201 2056 7(

80 2074 288 2132 Matth.
316 2076 469 2149 X1X7
500 2076 568 2134 11
583 2120 599 2149 ,
623 2075 908 2155 Apostolis
931 2073 1277 2133 mirantibus
1293 2095 1378 2149 63,
1401 2094 1527 2154 quae
1550 2074 1672 2152 ipse
1698 2074 1923 2133 dixerat
1939 2073 2010 2133 de
2031 2086 2187 2133 statu

68 2168 385 2249 conjugali,
404 2181 462 2228 et
485 2169 808 2229 dicentibus
836 2171 946 2227 :Si
966 2173 1055 2227 ita
1070 2180 1152 2227 est
1170 2190 1352 2227 causa
1376 2170 1635 2226 hominis
1656 2190 1795 2226 cum
1820 2190 2003 2227 umore
2021 2217 2038 2238 ‚
2065 2190 2187 2229 non

79 2265 314 2342 expedit
346 2266 601 2335 nubere,
640 2263 943 2345 respondit
976 2286 988 2321 :
1023 2263 1165 2323 Non
1194 2285 1393 2322 ovines
1422 2267 1680 2342 capiunt
1704 2265 1953 2322 verbum
1982 2265 2185 2337 istud,

79 2359 181 2416 sed
208 2360 428 2436 quibus
460 2361 671 2418 datum
693 2371 842 2419 est...
878 2361 1038 2418 Sunt
1060 2359 1328 2417 eunuchi
1347 2403 1362 2432 7
1384 2364 1498 2437 qui
1528 2363 1739 2437 seipsos
1772 2362 2189 2418 castraverun‘t

71 2463 319 2530 propter
354 2474 604 2532 requam
646 2456 942 2513 coelorum:
1003 2454 1124 2532 Qui
1171 2464 1360 2532 potest
1415 2474 1622 2531 capere
1642 2497 1658 2525 7
1722 2456 1946 2530 capiat.
2023 2454 2185 2512 Hanc

92 2566 322 2626 quoque
357 2568 458 2604 suo
498 2547 766 2628 exemplo
804 2548 1172 2629 confirmavit
1207 2545 1552 2627 Apostolus7
1592 2547 1910 2627 ceterisque
1955 2557 2021 2604 ut
2057 2568 2187 2606 eam

84 2639 607 2720 complecterentur
630 2652 831 2699 auctor
853 2641 993 2715 fuit7·
1019 2640 1135 2698 lad
1168 2642 1296 2698 Cor.
1321 2642 1443 2713 Vll,
1473 2640 1508 2697 7
1534 2685 1548 2713 7
1570 2641 1687 2698 imo
1721 2652 1779 2699 et
1802 2651 1924 2699 toto
1946 2641 2063 2700 fere
2088 2643 2183 2699 in-

92 2745 249 2812 tegro
271 2736 478 2815 capite.
502 2737 665 2793 Hanc
685 2745 1066 2796 servaverunt
1085 2738 1144 2792 el:=
1157 2735 1332 2793 ceteri
1355 2736 1396 2792 A
1403 2733 1633 2814 postoli7
1662 2745 1725 2792 ut
1746 2757 1816 2794 ex
1833 2735 2184 2794 Tertulliano

85 2848 148 2886 ac
183 2829 534 2909 Hieronymo
564 2829 923 2888 ostendimus
946 2875 961 2904 7
1007 2851 1038 2887 a
1074 2850 1322 2910 quorum
1354 2829 1621 2887 instituto
1646 2831 1823 2911 coepit
1858 2831 2021 2888 istius
2048 2830 2183 2910 legis

87 2923 273 3003 origo;
302 2925 501 2985 sivero
526 2946 714 2984 sermo
743 2926 815 2982 sit
846 2924 919 2984 de
949 2924 1194 2984 Ecclesia
1223 2925 1423 2984 Latina
1443 2971 1458 3000 7
1504 2924 1577 2983 ab
1611 2925 1737 3007 ipso
1771 2927 2179 3008 Apostolorum

88 3017 348 3100 Principe
371 3019 465 3079 lex
489 3020 609 3079 haec
630 3021 898 3101 imposita
930 3021 1054 3080 fuit.
1085 3021 1205 3078 Hac
1228 3020 1420 3079 schola
1449 3019 1636 3079 edocti
1661 3023 1856 3080 Patres
1886 3021 2181 3103 apostolici

92 3118 152 3166 et
183 3112 280 3190 qui
304 3134 398 3172 eos
424 3116 599 3174 secuti
622 3126 759 3173 sunt
782 3116 1203 3175 continentiam
1235 3124 1372 3174 sunt
1398 3115 1655 3196 professi.
1687 3118 2051 3196 Quapropter
2074 3115 2182 3173 hoc

91 3203 418 3266 institutum
440 3212 560 3288 jam
585 3210 764 3289 viguit
787 3231 851 3269 ea
882 3221 1047 3270 aetate
1069 3209 1326 3270 Ecclesiae
1355 3209 1761 3270 florentissima
1782 3256 1797 3285 7
1827 3232 1999 3291 quam
2034 3210 2179 3270 adeo

92 3299 479 3362 Protestantes
504 3304 810 3363 extollunt.

158 3514 221 3579 (l)
254 3515 510 3566 Elenchum
540 3489 817 3585 scriptorum*
843 3520 1082 3570 catholico·
1173 3521 1299 3572 hibet
1327 3522 1537 3571 Zaccaria
1581 3524 1630 3569 in
1659 3520 1835 3584 praefat.
1868 3520 1927 3569 ad
1958 3538 2072 3586 opus
2097 3523 2179 3571 cit.

89 3615 191 3645 rum
209 3633 223 3657 ‚
260 3603 340 3665 qui
390 3601 606 3649 vindicias
646 3613 832 3666 egerunt
870 3603 1087 3673 clericalis
1174 3602 1335 3654 Storia
1352 3604 1586 3671 polemico
1625 3602 1702 3651 del
1726 3602 1922 3654 celibatu
1940 3620 2095 3663 sacro.

89 3679 319 3729 caelibatus
353 3699 499 3747 usque
530 3682 589 3731 ad
618 3699 747 3731 auam
780 3692 988 3746 aetatem,
1010 3701 1087 3734 ex—
