2508 4120
287 102 404 163 386

923 114 1246 151 TRACTATUS
1294 113 1362 148 DR
1407 110 1799 150 Marnmomo.
1830 119 1863 130 ’“

287 267 528 326 demum
551 259 861 340 Episcopos
887 277 953 315 ac
979 266 1201 316 ceteros
1238 254 1496 314 Ecclesiae
1525 253 1820 313 catholicae
1850 254 2144 316 ministros
2166 280 2374 321 vexare
2390 304 2411 332 ,

288 385 356 422 ac
382 355 646 440 pessimis
685 352 874 412 modis
898 352 1150 432 coegisse
1166 397 1181 426 ,
1211 362 1277 409 ut
1297 396 1311 424 ‚
1340 350 1695 431 contemptis
1720 348 2085 410 cautionibus
2105 372 2136 435 a
2161 354 2264 414 Pio
2286 357 2416 417 Vll}

289 451 574 534 impositis
608 495 624 524 .,
686 446 979 508 connubia
1046 447 1229 506 mixta
1278 445 1746 506 solemnitatibus
1785 446 1849 505 in
1916 445 2163 506 Ecclesia
2221 465 2417 514 sancta

292 547 517 608 usitatis
556 567 627 606 ex
663 545 829 624 regni
865 544 1099 604 statutis
1140 555 1197 603 et
1244 542 1467 623 legibus
1527 542 1909 602 honestarent
1934 544 2054 622 (l).
2103 544 2241 604 Dira
2280 546 2420 609 inde

291 644 572 705 adversus
615 641 925 702 Ecclesiam
956 652 1081 716 orta
1113 641 1439 722 persecutio
1459 685 1474 713 7
1513 661 1644 721 quae
1670 640 1732 698 in
1770 638 1891 699 dies
1920 639 2106 701 acrior.
2136 642 2234 715 fit.
2264 643 2423 724 apud

290 763 387 801 eos
429 738 680 812 scilicet,
715 737 817 819 qui
858 758 979 795 non
1016 736 1190 794 modo
1223 737 1553 794 tolerantioe
1588 756 1808 793 nomen
1851 734 2027 816 pleno
2059 757 2160 797 ore
2193 736 2422 820 deprae·

288 837 522 909 dicant,
563 833 667 894 sed
703 833 886 893 etiam
920 831 1062 891 culti
1101 831 1385 913 politique
1415 831 1621 890 haberi
1665 830 1872 891 volunt
1906 843 1967 891 et
1999 831 2281 914 appellari
2310 835 2417 913 (2).

370 931 512 991 314.
558 928 787 1008 Quibus
837 931 920 988 ita
963 928 1333 1002 constitutiS„
1388 927 1802 1011 propositionis
1854 938 2065 986 nostrae
2112 929 2421 989 veritatem

286 1030 558 1089 evincere
586 1046 898 1109 operosum
931 1047 1052 1084 non
1081 1036 1191 1084 est.
1240 1024 1476 1082 Etenim
1506 1028 1638 1100 jura
1664 1023 1861 1081 omnia
1899 1023 2185 1104 aequitatis
2217 1036 2423 1105 postu-

286 1125 454 1197 lant,
497 1135 561 1182 ut
593 1144 770 1182 nemo
807 1121 1013 1203 quavis
1057 1119 1286 1179 ratione
1323 1141 1392 1178 ea
1439 1140 1607 1197 agere
1649 1118 2063 1200 compellatur,
2113 1140 2243 1201 quoe
2285 1119 2420 1181 fidei

287 1243 467 1303 quam
502 1220 850 1302 profitetur.
886 1236 1014 1298 quae
1049 1215 1391 1275 reluctantis
1421 1214 1789 1274 conscientiae
1828 1215 2057 1287 sensui,
2098 1236 2228 1297 quae
2250 1217 2423 1295 jussis

283 1315 642 1376 auctoritatis
668 1313 940 1395 legitimae
960 1311 1350 1372 adversentur
1373 1356 1387 1385 .,
1414 1331 1660 1392 quaeque
1682 1309 1947 1368 hostibus
1989 1310 2251 1370 Ecclesiae
2284 1310 2426 1369 sub-

286 1412 434 1472 sidio
466 1422 663 1471 essent
695 1410 758 1468 in
792 1409 977 1492 ipsius
1024 1406 1287 1466 Ecclesiae
1330 1418 1555 1489 pestem
1605 1417 1665 1464 et
1702 1407 2031 1464 animarum
2079 1406 2420 1488 perniciem.

292 1510 468 1591 Atqui
503 1508 627 1568 haec
666 1506 843 1587 plane
884 1526 1052 1584 agere
1090 1502 1429 1563 Sacerdotes
1470 1501 1782 1561 catholicos
1819 1501 2125 1561 acatholici
2154 1502 2423 1563 homines

292 1730 399 1777 dem
435 1737 536 1785 est,
570 1708 628 1774 de
661 1730 768 1790 'qua
809 1724 997 1772 Bunsen
1032 1759 1045 1781 ‚
1100 1721 1326 1770 Borussiae

294 1809 460 1858 Orator
508 1808 634 1873 apud
682 1806 732 1855 S.
777 1806 946 1854 Sedem
970 1844 983 1865 ‚
1024 1809 1332 1870 interrogatus

299 1889 352 1942 ex'
385 1892 565 1948 officio,
599 1890 838 1956 respondit
871 1907 883 1937 ε
927 1887 1333 1937 Non-seulement

294 1976 564 2024 l'eoeiseence
595 1971 743 2021 d'une
796 1971 904 2020 telle
941 1973 1236 2020 instruction
1264 1980 1332 2020 est

298 2056 609 2107 onoralemem
634 2055 937 2122 impossible,
969 2056 1095 2102 mais
1137 2052 1266 2119 qu'il
1302 2071 1333 2102 α

297 2142 346 2189 la
369 2139 600 2189 certitude
609 2140 814 2204 positive
826 2155 917 2202 que
936 2147 1051 2185 cette
1069 2136 1334 2202 pretendas

302 2222 600 2271 instruction
646 2220 729 2268 κά
757 2221 952 2286 jamais
994 2220 1183 2267 existe!
1237 2218 1331 2266 Cfr·

302 2305 525 2371 Esposit.
558 2306 638 2352 cit.
668 2304 771 2351 doc.
791 2299 846 2351 6.
880 2302 1003 2349 Huic
1034 2303 1334 2350 conventioni

300 2405 352 2436 ac
381 2384 682 2435 instructioni
711 2385 821 2433 inde
845 2387 1019 2432 emissae
1051 2383 1336 2447 subscripse-

304 2481 426 2530 rant,
447 2479 608 2534 praeter
629 2467 769 2517 Arch.
785 2467 1109 2516 Coloniensem
1130 2465 1331 2532 Spiegel,

304 2553 517 2618 Episcopi
533 2552 817 2601 Trevirensis
839 2588 853 2609 ‚
875 2549 1267 2598 paderbornensis
1288 2559 1335 2598 et

306 2636 704 2690 Monasteriensis.
737 2633 958 2699 Cumque
985 2631 1048 2681 ab
1086 2631 1328 2698 Epheme-

303 2716 411 2765 ride
432 2714 930 2783 Aschaffenburqensi
961 2733 1042 2763 an.
1085 2711 1215 2763 1836
1233 2734 1330 2776 511.

310 2799 403 2850 125
426 2838 439 2860 ‚
474 2817 582 2848 cum
613 2799 854 2847 nonnullis
873 2798 1210 2846 mutationibus
1238 2815 1329 2864 pu·-

305 2882 479 2931 blicata
511 2892 657 2942 esset,
708 2881 849 2929 iidem
884 2880 1127 2945 Episcopi,
1169 2882 1249 2945 qui
1291 2884 1331 2929 ei

306 2965 687 3030 subscripserant,
703 2965 752 3011 in
773 2964 862 3011 hac
886 2965 982 3028 ipsa
1011 2962 1329 3027 ephemeride,

303 3065 356 3095 n.
397 3043 508 3108 150,
538 3046 863 3108 declararunt,
891 3045 981 3093 hoc
995 3045 1331 3094 documentum

304 3148 421 3197 opus
446 3128 691 3196 perfidum
724 3144 822 3177 esse
863 3128 1118 3194 cujusdam
1145 3128 1330 3176 calum-

302 3215 545 3261 niatoris!
573 3212 672 3261 Cfr.
705 3211 855 3260 Lettr.
889 3212 971 3258 cit.
1014 3226 1102 3257 sur
1129 3210 1334 3277 l'affaire

301 3294 359 3341 de
397 3294 634 3360 Coloqne‚
666 3295 792 3343 Paris
842 3290 999 3351 1838,
1025 3310 1131 3357 pag.
1165 3294 1252 3342 33.
1293 3293 1331 3341 Ε

301 3386 475 3440 septem
501 3394 607 3425 vero
621 3376 825 3425 articulis
846 3412 859 3435 ,
874 3376 930 3423 ad
946 3392 1061 3441 quos
1076 3373 1199 3422 illius
1215 3392 1327 3423 con-

301 3459 532 3506 ventionis
583 3459 825 3507 instructio
892 3457 1074 3505 redacta
1125 3457 1276 3505 fuerat
1309 3494 1322 3515 ‚

299 3539 661 3590 excludebantur
678 3540 965 3591 conditiones
978 3540 1080 3588 duae
1106 3577 1119 3599 ‚
1140 3539 1317 3604 quibus

302 3624 439 3672 unice
464 3624 649 3687 positis,
686 3622 794 3672 Pius
826 3639 940 3689 vm,
975 3632 1027 3671 ut
1072 3618 1279 3671 diximus
1304 3659 1316 3683 ‚

1414 1738 1496 1786 pro
1523 1739 1605 1769 sua
1646 1730 1866 1781 potestate
1899 1720 2211 1770 declaraverat
2250 1739 2430 1771 connu-

1413 1804 1490 1852 bia
1528 1804 1686 1852 isthaec
1717 1807 1862 1853 mixta
1881 1806 1988 1852 iniri
2021 1805 2145 1854 licite
2166 1802 2328 1870 poss'e3
2348 1809 2436 1855 sci-

1421 1889 1534 1936 licet
1566 1891 1611 1936 1⁰
1635 1891 1750 1936 seria
1781 1887 2037 1936 admonitio
2078 1886 2292 1937 facienda
2320 1891 2436 1955 parti

1414 1973 1652 2022 catholicae
1692 1973 1749 2022 de
1794 1976 1917 2039 gravi
1966 1976 2195 2036 crImine,
2244 1992 2338 2041 quo
2388 1993 2436 2025 se

1414 2054 1718 2121 obstringeret
1744 2066 1903 2104 contra
1930 2054 2176 2105 Canonmn
2210 2056 2330 2122 leges
2346 2056 2437 2106 tale

1415 2139 1766 2187 Matrimonium
1810 2139 2051 2202 ineund03
2101 2147 2152 2186 2⁰
2194 2142 2437 2204 promissio

1414 2221 1474 2269 ab
1502 2221 1663 2269 eadem
1682 2222 1933 2284 praestanda
1955 2258 1967 2278 ‚
1999 2239 2091 2286 qua
2113 2222 2402 2286 polliceretur
2416 2258 2432 2285 ,

1414 2303 1511 2351 fore
1540 2311 1592 2350 ut
1641 2302 1819 2350 soboles
1856 2305 2010 2350 omnis
2050 2303 2275 2351 catholica
2325 2304 2435 2353 reli-

1414 2385 1548 2449 gione
1577 2385 1910 2432 institueretur.
1957 2383 2057 2432 Cfr.
2091 2382 2318 2450 Emposit.
2350 2387 2433 2435 cit.

1415 2483 1520 2531 pag.
1566 2482 1593 2532 7
1624 2475 1669 2514 et
1698 2463 1731 2512 8
1767 2504 1780 2525 ‚
1836 2477 1880 2514 et
1926 2467 2043 2515 ibid.
2091 2469 2278 2517 docum.
2330 2484 2384 2534 17
2418 2507 2432 2529 ‚

1414 2564 1518 2614 pag.
1548 2546 1613 2612 87
1658 2558 1704 2597 et
1727 2565 1864 2615 seqq.

1485 2632 1549 2695 (l)
1587 2631 1681 2680 Has
1733 2631 1855 2698 leges
1919 2636 2055 2698 paulo
2118 2644 2219 2698 post
2278 2635 2433 2700 profe·

1414 2732 1594 2764 remus.

1481 2798 1548 2861 (2)
1594 2798 1796 2846 Annales
1858 2798 2094 2863 propterea
2145 2793 2440 2846 ecclesiastici

1413 2883 1603 2946 posteris
1649 2881 1832 2929 tradent
1869 2890 1963 2930 tres
2004 2884 2252 2947 praecipuas
2285 2899 2440 2947 perse-

1411 2967 1648 3024 cationes,
1673 2981 1788 3029 quas
1803 2964 1890 3012 hoc
1913 2965 2071 3012 seculo
2089 2975 2294 3014 vertente
2313 2983 2441 3031 passa

1411 3056 1480 3094 est
1510 3045 1737 3095 catholica
1780 3046 2016 3107 Ecclesia,
2059 3047 2119 3095 ab
2159 3048 2355 3096 ethnicis
2389 3051 2440 3096 in

1410 3128 1568 3195 Regno
1598 3129 1921 3178 Tunchinensi
1942 3167 1955 3190 ‚
1999 3148 2024 3179 a
2059 3131 2363 3179 schismaticis
2392 3133 2442 3179 in

1418 3214 1615 3278 imperio
1630 3212 1822 3262 Russico
1842 3249 1856 3273 ‚
1882 3212 1940 3262 ab
1959 3215 2187 3263 haereticis
2214 3218 2263 3262 in
2281 3214 2439 3279 Regno

1411 3294 1693 3359 Borussico;
1732 3297 1870 3344 simul
1906 3306 2064 3346 tamen
2092 3297 2293 3347 referent
2326 3297 2440 3346 latas

1411 3378 1470 3425 ab
1491 3378 1690 3426 Ecclesia
1708 3378 1884 3426 Christi
1907 3381 2136 3439 victorias,
2159 3378 2273 3445 quia
2291 3380 2438 3443 scrip-

1411 3470 1515 3510 tum
1538 3469 1605 3510 est
1638 3477 1651 3508 ε
1684 3459 1757 3508 Et
1773 3469 1927 3526 portoe
1954 3461 2107 3527 inseri
2132 3477 2229 3511 non
2248 3474 2439 3527 proeva-

1415 3541 1578 3592 lebant
1609 3542 1841 3593 adversus
1869 3560 1993 3591 eam.
