2508 4120
222 97 343 158 414

865 119 1187 159 'rnACTA'rth
1231 121 1299 157 ΒΕ
1343 121 1724 161 MA'rnmomo.

222 262 512 347 siquidem
553 260 786 341 uspiam
813 260 1097 341 legislatio
1141 263 1492 345 reperietur,
1532 285 1648 347 qua
1681 263 2113 327 interdicantur
2159 271 2358 332 validae

220 358 556 442 pactioneS‚
591 367 916 438 antequam
945 358 1142 439 sponsi
1184 359 1388 418 ineant
1423 361 1778 440 conjugium.
1815 359 1970 421 Illud
2002 383 2036 421 e
2072 368 2361 427 contrario

219 452 376 536 apud
403 474 609 512 omnes
646 463 851 533 gentes
886 476 995 512 usu
1038 455 1164 535 ipso
1193 455 1508 515 inductum
1546 457 1858 533 novimuS‚
1902 469 1967 517 ut
1997 460 2197 541 sponsi
2225 472 2364 522 ante

217 549 664 610 Matrimonium
701 548 1032 608 ineundum
1062 548 1138 608 ad
1169 550 1392 633 aliquid
1419 573 1479 610 se
1517 550 1777 632 obligare
1812 554 2066 614 invicem
2097 557 2323 638 possint
2342 603 2358 630 .,

216 645 395 728 idque
422 644 594 726 legali
630 645 849 727 scripto
891 646 1241 706 confirmare
1265 692 1281 722 .,
1319 646 1382 706 in
1413 646 1588 707 rebus
1619 649 1796 707 etiam
1835 670 1963 731 quae
1997 650 2070 711 ad
2104 651 2361 711 futuram

215 742 447 824 prolem
475 743 821 824 pertineant
840 787 856 815 ,
891 741 1217 821 cujusmodi
1240 754 1329 802 est
1357 743 1634 802 articulus
1662 745 1732 803 de
1752 748 1951 825 prolis
1976 752 2354 806 successione.

212 838 390 918 Quod
427 839 477 900 si
508 839 749 922 sponsi,
786 849 1106 921 antequam
1150 840 1491 921 conjugium
1526 840 1770 916 ineant,
1812 854 2065 924 possunt
2108 843 2266 903 inter
2299 865 2360 904 se

214 937 426 1021 pacisci
464 935 538 996 de
581 935 941 995 successione
987 935 1331 996 hereditatis
1353 982 1369 1012 ,
1417 958 1483 996 ac
1520 936 1593 997 de
1637 937 1762 997 aliis
1811 960 1932 997 non
1962 940 2197 1022 paucis,
2229 961 2358 1022 quae

216 1043 487 1118 spectent
521 1031 597 1092 ad
626 1032 889 1091 futuram
930 1029 1159 1114 prolem
1184 1077 1199 1107 ‚
1234 1044 1456 1114 quanto
1485 1034 1668 1113 magis
1698 1034 1908 1116 pacisci
1948 1045 2176 1117 queunt
2212 1036 2358 1097 circa

210 1129 481 1210 ejusdem
537 1128 882 1210 religionem
907 1174 922 1202 ,
975 1149 1106 1210 quae
1151 1129 1450 1208 objectum
1502 1141 1592 1190 est
1646 1129 1819 1211 longe
1871 1133 2248 1214 praestantius
2299 1145 2359 1194 et

216 1223 519 1288 sanctius?

300 1321 443 1383 345.
493 1321 590 1383 Ad
627 1320 745 1395 5¹¹¹,
781 1322 842 1381 Si
880 1333 1150 1402 ageretur
1182 1321 1257 1381 de
1296 1320 1432 1381 solis
1469 1324 1813 1403 scrupulis,
1853 1345 2049 1392 conc.,·
2083 1326 2131 1384 si
2156 1336 2360 1406 agatur

216 1420 291 1481 de
317 1418 635 1480 violatione
668 1417 1037 1498 obligationis
1066 1439 1169 1476 seu
1205 1419 1464 1478 muneris
1498 1419 1766 1478 omnium
1794 1420 2059 1495 maximi,
2099 1442 2216 1503 quo
2249 1443 2357 1503 pa-

216 1527 413 1577 rentes
455 1537 587 1595 erga
622 1517 812 1574 Deum
845 1513 1300 1594 obstringuntur
1323 1559 1338 1590 a
1385 1537 1519 1594 neq.
1563 1514 1781 1596 Utique
1823 1516 2075 1575 haeretici
2109 1539 2219 1598 pro
2252 1538 2355 1576 sua

217 1610 504 1694 opinandi
539 1610 773 1670 licentia
797 1610 1160 1684 existimant,
1195 1608 1286 1682 id,
1316 1610 1475 1692 quod
1513 1621 1601 1669 est
1643 1610 1718 1669 ab
1751 1611 2000 1671 Ecclesia
2034 1612 2185 1672 circa
2228 1614 2355 1671 Ma-

216 1708 496 1766 trimonia
532 1706 716 1764 mixta
767 1706 1094 1779 sancitum,
1153 1712 1283 1764 rem
1337 1705 1697 1765 levissimam
1740 1728 1897 1778 esse,
1950 1728 2129 1789 quam
2176 1707 2358 1766 homo

216 1801 480 1886 prudens
496 1799 762 1880 religioni
785 1822 907 1859 non
933 1799 1149 1859 habeat
1169 1801 1280 1880 (1).
1301 1800 1565 1860 Ecclesiae
1590 1812 1789 1861 autem
1818 1824 1849 1861 a
1881 1801 2110 1862 Christo
2139 1802 2356 1863 edoctae

222 1899 370 1960 alius
400 1909 493 1958 est
524 1917 726 1957 sensus
746 1943 762 1971 .,
802 1897 1093 1956 contraria
1115 1896 1295 1980 plane
1319 1896 1590 1957 doctrina
1615 1923 1631 1971 ς
1671 1898 1851 1957 sentit
1872 1899 2032 1958 enim
2068 1921 2133 1959 ac
2167 1898 2354 1976 docet,

218 2004 317 2058 eo‘s
340 1993 689 2068 CatholicOS‚
709 1993 811 2077 qui
833 1994 914 2053 ita
943 1994 1141 2053 animo
1163 2005 1300 2053 sunt
1324 1995 1669 2078 comparati,
1698 2006 1764 2053 ut
1791 2006 1893 2054 aut
1921 1995 2357 2078 parvipendant

218 2091 548 2172 religiosam
598 2089 925 2149 liberorum
973 2089 1416 2151 institutionem
1442 2137 1457 2164 .‚
1511 2102 1613 2150 aut
1663 2113 1794 2151 eam
1844 2091 2151 2152 dimittant
2201 2093 2355 2174 parti

220 2185 558 2248 acatholicae
579 2230 596 2262 ‚
635 2186 698 2243 in
733 2186 1144 2265 gravissimum
1180 2187 1405 2247 crimen
1443 2187 1776 2261 incurreret,
1826 2187 1984 2269 quod
2024 2190 2071 2245 si
2098 2187 2354 2246 officium

218 2284 422 2345 divina
455 2282 582 2362 lege
609 2280 953 2365 parentibus
975 2281 1317 2363 impositum
1339 2326 1356 2358 ‚
1386 2304 1527 2342 sane
1549 2283 1817 2341 omnium
1846 2282 2202 2358 maximum,
2231 2282 2354 2342 sive

219 2402 328 2464 per
357 2377 681 2439 socordiam
726 2377 849 2437 sive
887 2398 994 2460 per
1032 2388 1442 2459 contemptum
1474 2378 1785 2455 abJ‘ieiant,
1821 2389 2056 2438 {eternae
2098 2377 2354 2439 filiorum

220 2498 461 2538 suorum
484 2474 687 2534 salutis
712 2473 1041 2557 proditores
1070 2475 1215 2534 fieri.
1238 2473 1636 2547 Quamobrem
1675 2496 1867 2557 neque
1895 2485 2089 2557 potest
2106 2474 2353 2535 Ecclesia

221 2594 416 2657 neque
459 2569 637 2632 debet
676 2567 830 2631 falsae
867 2571 1171 2651 cujusdam
1199 2571 1355 2653 pacis
1398 2570 1647 2631 obtentu
1678 2583 1950 2654 parentes
1973 2571 2258 2651 ejusmodi
2290 2572 2353 2630 in

220 2681 345 2730 tam
389 2690 664 2752 perversa
700 2669 885 2728 animi
913 2668 1292 2752 dispositione
1320 2667 1676 2751 relinquere.

306 2766 448 2830 346.
498 2765 584 2827 Ad
610 2767 730 2842 6¹1¹,
767 2769 926 2827 D-ist.
968 2765 1032 2825 Id
1070 2777 1182 2841 est,
1217 2764 1640 2824 nonnullorum
1665 2765 2032 2846 privatorum
2058 2772 2160 2824 aut
2186 2764 2354 2844 igno·

1335 2985 1509 3034 fectum
1543 3004 1569 3034 a
1606 2984 1808 3050 generali
1858 2984 2036 3051 synodo
2069 2989 2351 3049 protestante

1333 3065 1496 3117 circuli
1541 3067 1759 3118 Rhenani
1785 3105 1800 3128 ,
1839 3078 1893 3117 et·
1918 3086 1944 3117 a
1987 3084 2202 3132 supremo
2230 3069 2353 3133 regio

289 2990 361 3055 (1)
379 2987 626 3055 Quomodo
651 2987 813 3035 harum
837 3003 1009 3047 rerum,
1028 3003 1144 3052 quas
1160 2984 1250 3035 Ec-

224 3074 360 3123 clesia
386 3071 625 3121 Catholica
658 3079 831 3128 servat,
865 3085 1022 3135 aequos
1050 3071 1253 3117 aestima-

225 3168 347 3206 tores
397 3154 570 3204 habere
611 3152 924 3201 protestantes
963 3168 1210 3215 possumus
1229 3185 1247 3212 ,

230 3239 408 3306 quibus
423 3239 655 3304 praecipua
683 3234 797 3284 fidei
817 3234 1079 3283 christianae
1099 3236 1251 3298 capita

229 3323 501 3373 subvertere
526 3322 659 3371 nulla
675 3321 837 3385 religio
856 3322 960 3368 est?
977 3317 1098 3366 Satis
1118 3320 1175 3366 sit
1192 3318 1251 3366 ad

226 3409 352 3458 hanc
381 3411 675 3456 assertionem
701 3396 1071 3454 confirmandam
1099 3403 1253 3451 addu-

227 3509 332 3542 cere
361 3489 714 3541 C'atechiemum
741 3486 808 3536 ad
839 3504 984 3535 usum
1001 3483 1248 3536 Ecclesia-

229 3590 341 3625 rum
362 3582 408 3623 et
433 3571 703 3622 scholarum
728 3566 1248 3637 protestanlico-chris-

228 3657 481 3706 tianarum
511 3693 525 3717 ,
560 3654 736 3705 editum
769 3652 913 3719 Spirae
948 3649 1074 3701 1823
1098 3688 1113 3712 ‚
1134 3667 1247 3699 con-

1334 3151 1527 3200 consilio
1553 3152 1885 3218 approbatum.
1917 3149 1972 3198 In
2000 3151 2089 3198 hoc
2114 3167 2250 3215 porro
2274 3166 2355 3198 ca-

1334 3235 1560 3284 techismo
1574 3232 1847 3299 evanqelico
1863 3233 1920 3282 de
1944 3232 2209 3281 Trinitatis
2225 3248 2354 3297 mys-

1333 3320 1453 3367 terio
1496 3328 1541 3368 et
1571 3317 1760 3380 Christi
1805 3317 2069 3365 divinitate
2109 3333 2171 3364 ne
2209 3332 2355 3363 unam

1335 3402 1527 3468 quidem
1549 3399 1787 3469 syllabam
1817 3400 1941 3465 legas
1962 3415 1975 3461 3
2013 3396 2184 3464 dogma
2200 3408 2356 3446 autem

1334 3483 1694 3551 Redemptionis
1707 3482 1916 3530 humani
1926 3482 2116 3547 generis
2132 3499 2186 3531 ex
2204 3480 2357 3546 impiis

1333 3567 1690 3617 Socinianorum
1715 3566 1896 3632 placitis
1921 3565 2214 3615 describitur.
