2612 4146
470 249 591 288 car.
637 250 702 286 ιι.
752 249 820 285 nn
861 248 1117 288 onmium
1159 248 1388 288 nummo
1429 250 1497 287 ιιι·
1542 247 1865 289 memmi-n.
2139 228 2218 288 83

119 412 246 475 quae
268 390 442 452 verba
458 390 556 450 illa
581 389 867 450 reddunt:
889 391 1012 449 Per
1033 393 1472 470 impositionem
1488 411 1792 449 manuum
1808 390 2095 470 Episcopi
2108 390 2220 477 (l).·,

119 500 246 549 tum
305 487 555 568 denique
607 506 676 545 ex
726 484 998 567 Apostolo
1043 486 1169 567 ipso
1197 530 1214 560 ‚
1266 486 1368 566 qui
1408 486 1461 544 ΙΙ
1522 485 1598 545 ad
1643 484 1916 545 eumdem
1964 486 2221 546 Timoth.

120 581 375 665 Epistola
412 580 610 642 scribit
637 602 652 637 ε
686 579 811 640 Per
833 584 1270 660 impositionem
1295 601 1599 644 manuum
1628 601 1929 639 mearum.
1962 582 2095 640 Non
2129 580 2228 641 de·

119 691 257 739 sunt
291 679 391 759 qui
430 674 825 752 contendunt,
876 696 1072 736 vocem
1111 675 1274 734 illam
1306 677 1671 754 presbyterii
1715 699 1837 736 non
1880 677 1953 736 ad
1991 677 2224 737 Ordinis

120 773 451 833 ministrum
474 816 490 847 7
518 771 620 831 sed
652 771 726 830 ad
763 769 1086 849 subJectum
1112 814 1126 843 ‚
1156 790 1257 828 seu
1292 768 1370 828 ad
1402 768 1736 830 ordinatum
1762 772 1955 853 ipsum
1986 771 2222 846 referri,

120 880 296 950 atque
322 866 466 927 adeo
490 866 807 946 significare
835 864 1088 924 officium
1117 862 1443 944 Presbyteri
1472 863 1568 922 vel
1597 864 1898 947 Episcopi,
1928 876 1996 924 ut
2023 886 2226 926 sensus

120 963 194 1022 sit
236 987 252 1021 z
294 963 418 1022 Per
464 963 898 1041 impositionem
953 979 1296 1030 manuum,
1337 979 1461 1038 qua
1512 968 1748 1018 creatus
1793 980 1851 1018 es
1890 960 2223 1039 presbyter.

122 1058 256 1116 Haeo
286 1067 482 1116 autem
519 1054 924 1136 interpretatio
951 1074 1128 1134 quam
1159 1052 1434 1114 Calvinus
1467 1052 1588 1134 ipse
1621 1051 1895 1134 probavit
1922 1055 2011 1134 (2)
2035 1098 2052 1125 ,
2083 1054 2232 1113 diffi-

133 1149 410 1210 cultatem
431 1169 668 1209 omnem
700 1147 774 1207 de
809 1146 1006 1206 medio
1037 1146 1212 1207 tollit.

206 1246 302 1304 19.
351 1244 439 1304 Ad
474 1245 593 1317 7¹¹¹,
640 1244 794 1303 Dist.
836 1242 1041 1315 Quoad
1079 1241 1427 1317 utilitatem,
1460 1253 1649 1304 trans.
1692 1241 1787 1303 vel
1821 1262 2012 1312 cono.;
2037 1242 2230 1324 quoad

122 1341 555 1422 perceptionem
576 1383 594 1412 ,
627 1359 750 1418 neq.
852 1357 858 1365 ·

997 1524 1239 1584 CAPUT
1282 1526 1354 1584 11.

429 1695 499 1733 DE
541 1693 862 1733 nummum
905 1692 1159 1733 omnum!
1203 1693 1437 1732 nummo
1476 1693 1550 1731 ET
1592 1693 1917 1754 mammam.

202 1894 303 1952 20.
333 1893 598 1974 Loquens
615 1891 956 1954 Tridentina
970 1890 1264 1972 Synodus‚
1283 1911 1419 1953 sess,
1442 1892 1629 1953 XXIII
1648 1936 1665 1966 ,
1683 1912 1810 1972 cap.
1843 1893 1894 1951 11
1915 1937 1930 1967 ,
1958 1892 2031 1953 de
2059 1894 2234 1953 sacris

124 1986 438 2047 Ordinibus
455 2031 474 2061 ,
501 1987 628 2047 haec
652 1986 831 2048 habet
855 2009 870 2046 :
907 1988 1056 2048 Cum
1081 1988 1298 2047 divina
1319 2008 1412 2046 res
1439 1991 1520 2045 sit
1539 1997 1664 2045 tam
1686 1991 1883 2047 sancti
1908 1989 2239 2048 Sacerdotii

122 2086 551 2154 ministerium,
562 2093 1021 2141 consentaneum
1036 2085 1186 2162 fuit,
1203 2103 1317 2160 quo
1332 2083 1580 2161 diqnius
1600 2091 1656 2138 et
1672 2086 1897 2160 majori
1914 2104 2055 2143 eum
2076 2105 2238 2143 vene·

45 2218 46 2221 =
122 2181 353 2238 ratione
377 2180 639 2237 eoeeroeri
652 2187 873 2256 posset,
895 2187 968 2235 ut
986 2181 1055 2235 in
1077 2178 1137 2237 E
1139 2177 1358 2238 colesiae
1383 2177 1834 2236 ordinatissima
1849 2179 2235 2256 dispositione

116 2273 323 2351 plures
354 2282 410 2331 et
431 2273 660 2334 diversi
686 2283 871 2334 essent
897 2275 1315 2334 ministrorum
1344 2270 1634 2341 OrdineS,
1670 2275 1782 2350 qui
1807 2274 2140 2334 Sacerdotio
2164 2296 2236 2333 em

125 2366 303 2444 officio
333 2367 722 2438 deservirent,
747 2371 835 2426 ita
867 2368 1214 2438 distributi,
1246 2376 1342 2436 ut,
1378 2370 1494 2444 qui
1511 2370 1652 2444 y'am
1679 2368 1963 2428 clericali
1986 2378 2235 2428 tonsura

128 2462 412 2539 inaeiqniti
433 2472 650 2531 essent,
669 2483 787 2540 per
810 2466 1071 2522 minores
1106 2463 1195 2523 ad
1222 2465 1475 2540 majores
1497 2462 1893 2523 ascenderent.
1925 2462 2085 2521 Nam
2114 2458 2236 2521 non

128 2553 320 2611 solum
356 2555 426 2611 de
454 2555 900 2625 Sacerdotibus,
939 2558 1042 2614 sed
1064 2567 1118 2614 et
1153 2557 1223 2614 de
1258 2558 1555 2615 Diaconis
1585 2576 1774 2614 sacrae
1801 2556 2237 2636 Litteroeaper·

127 2657 253 2705 tam
289 2652 635 2708 mentionem
668 2651 950 2728 faciunt.-
991 2660 1047 2708 et
1080 2671 1215 2729 quoe
1255 2652 1520 2708 maxime
1558 2652 1628 2708 in
1675 2652 1916 2711 illorum
1963 2651 2235 2712 Ordina-

129 2745 284 2800 tione
327 2730 683 2802 attendenda
722 2754 894 2815 sunt,
943 2735 1321 2822 qravissimis
1366 2744 1558 2805 verbis
1595 2746 1829 2815 docent,
1875 2756 1930 2804 et
1976 2747 2056 2806 ab
2107 2751 2236 2826 ipso

126 2837 404 2899 Ecclesioe
436 2842 610 2899 initio
654 2843 1025 2919 sequentium
1062 2841 1370 2901 Ordinum
1408 2844 1690 2912 nomina,
1726 2852 1902 2922 atque
1937 2846 2236 2902 uniuscu-

108 2935 334 3012 jusque
370 2955 576 2994 eorum
602 2939 864 3015 propria
902 2940 1243 2996 ministeria
1261 2983 1279 3007 ,
1312 2937 1676 2998 subdiaconi
1701 2940 1953 3008 scilicet,
1984 2941 2234 3018 acolyti,

130 3031 424 3088 exorcistae
438 3075 456 3098 ‚
482 3031 712 3089 lectoris
739 3042 794 3090 et
816 3035 1059 3094 ostiarii
1081 3036 1148 3090 in
1171 3054 1290 3093 usu
1310 3035 1501 3111 fuisse
1529 3043 1996 3112 coynosountur,
2019 3054 2235 3113 quam-

131 3124 221 3179 vis
253 3143 373 3182 non
402 3131 556 3206 pari
584 3127 811 3206 yradu.
855 3127 1025 3187 Nam
1063 3122 1535 3190 subdiaconatus
1570 3131 1658 3191 ad
1685 3134 1941 3208 majores
1979 3131 2237 3190 Ordines

132 3235 172 3272 a
204 3214 496 3282 Patribus
520 3231 589 3285 ‚et
623 3228 817 3283 sacris
863 3223 1141 3284 Conciliis
1176 3227 1468 3303 refertur,
1513 3227 1583 3287 in
1630 3227 1854 3304 quibus
1889 3235 1944 3285 et
1978 3226 2049 3288 de
2097 3228 2239 3289 aliis

125 3310 597 3387 frequentissime
633 3318 904 3397 leqimus.
949 3317 1092 3378 Can.
1137 3330 1336 3384 autem
1382 3319 1435 3381 11
1477 3319 1555 3383 sic
1597 3318 1869 3383 eamdem
1908 3318 2237 3385 doctrinam

201 3551 264 3615 (1)
294 3552 417 3603 Sane
441 3558 585 3606 versio
620 3560 862 3626 aethiopica
888 3564 952 3611 ita
989 3563 1140 3614 reddit
1280 3535 1358 3630 (2)
1395 3564 1516 3614 Tum
1545 3566 1595 3612 in
1624 3563 1887 3614 Comment.
1918 3568 1968 3614 in
1993 3568 2122 3617 huno
2146 3569 2237 3619 loc.

133 3630 337 3698 Apostoli
370 3636 507 3685 verba
535 3654 550 3686 t
579 3639 703 3688 Cum
726 3642 1028 3706 impositione
1044 3661 1141 3692 ma·
1221 3657 1322 3697 tum
1351 3644 1517 3694 Instit.
1551 3645 1638 3696 lib.
1665 3662 1732 3708 tv,
1766 3664 1869 3713 cap.
1902 3646 1932 3696 3
1952 3686 1965 3708 ,
1997 3647 2025 3716 ᾗ
2059 3647 2135 3699 16.

134 3728 286 3764 uuum
303 3717 356 3766 Ε
348 3719 691 3786 piscoporfifr.
710 3721 1138 3790 Polygl.Waltonii.

1896 3809 1954 3866 6.
