2508 4120
587 186 707 220 car.
757 182 833 221 lv.
879 184 946 218 nn
991 180 1369 219 mammonas
1414 180 1624 218 mtx‘ris.
2036 160 2154 219 355

126 312 265 370 265.
317 312 461 369 Cum
504 332 638 369 vero
678 310 923 368 Romani
957 308 1260 366 Pontifices
1314 308 1549 366 nonnisi
1588 306 1663 366 ob
1706 329 1907 386 graves
1955 329 2151 368 causas

48 418 105 466 et
136 417 365 464 tantum
404 404 511 464 sub
549 405 826 486 appositis
873 401 1304 462 conditionibus
1338 401 1625 479 ejusmodi
1658 401 2154 482 dispensationem

43 501 396 575 concedant,
425 498 632 582 quibus
650 502 959 578 conjugum
981 496 1288 578 prolisque·
1305 507 1534 556 aeternae
1559 496 1729 558 saluti
1748 499 2155 580 prospiciatur,

43 597 181 655 hinc
207 596 422 654 factum
451 606 567 671 est,
603 605 671 652 ut
702 594 772 652 iis
811 591 1050 653 servatis
1081 613 1204 650 non
1243 590 1418 650 modo
1450 589 1682 650 nullum
1713 605 1947 674 caperet
1984 595 2158 655 detri—

44 703 312 750 mentum
357 689 635 749 catholica
681 687 928 748 Ecclesia
971 685 1046 744 ab
1081 686 1151 744 iis
1194 685 1510 764 conjugiiS.,
1549 685 1655 745 sed
1691 709 1812 746 non
1865 689 2158 749 modicum

43 787 179 847 inde
215 785 676 847 emolumentum
701 784 1011 844 derivaret.
1054 784 1205 842 Sane
1236 782 1595 863 experientia
1630 782 1691 842 id
1718 785 1990 865 patefecit
2026 797 2156 846 tum
2236 794 2239 798 ’

44 881 179 942 alibi
212 927 228 956 ,
268 894 397 941 tum
435 881 760 963 praesertim
794 880 857 937 in
888 877 1204 961 provinciis
1242 876 1540 936 foederatis
1582 878 1859 938 Americae
1906 881 2158 962 Septen-

44 976 304 1036 trionalis
339 989 399 1037 et
425 979 490 1035 in
520 975 753 1055 Anglia,
799 974 898 1032 ubi
936 972 1150 1032 horum
1186 971 1614 1031 connubiorum
1657 972 2048 1036 celebratione
2074 976 2158 1036 fa-

44 1084 204 1131 ctum
225 1084 315 1131 est
339 1117 355 1147 ,
379 1083 445 1130 ut
478 1070 619 1130 fides
654 1067 933 1129 catholica
977 1090 1256 1148 magnum
1298 1067 1733 1128 incrementum
1774 1072 2052 1152 coeperit,
2096 1094 2160 1132 ac

44 1189 228 1227 novos
254 1169 316 1227 in
352 1167 474 1226 dies
500 1187 832 1249 progressus
860 1164 1048 1224 faciat.

122 1264 261 1322 266.
309 1264 367 1321 Si
413 1284 551 1325 vero
597 1262 776 1320 mixta
814 1260 935 1320 haec
973 1257 1269 1319 connubia
1313 1259 1441 1322 ‘sine
1482 1258 1595 1318 illis
1631 1259 2063 1322 conditionibus
2105 1275 2165 1323 et

42 1357 405 1419 cautionibus
429 1356 831 1430 celebrentur,
867 1366 1192 1414 extremam
1228 1353 1482 1413 afferunt
1518 1356 1833 1436 perniciem
1871 1357 2165 1419 catholicae

41 1454 302 1534 religioni
330 1498 346 1527 .,
383 1454 471 1511 uti
510 1452 728 1533 pariter
762 1451 1117 1532 experientia
1172 1449 1429 1509 ostendit
1470 1444 1533 1507 in
1573 1450 1687 1509 illis
1729 1453 2061 1531 regionibus
2099 1456 2162 1513 in

42 1549 258 1630 quibus>
270 1549 392 1607 sive
418 1568 488 1606 ex
520 1545 833 1606 Praesulum
858 1543 1207 1625 negligentia
1231 1544 1355 1604 sive
1388 1566 1459 1602 ex
1496 1543 1655 1602 illata
1681 1547 1737 1603 vi
1769 1546 1886 1606 illae
1906 1560 2157 1609 servatae

40 1665 162 1702 non
185 1654 341 1701 sunt.
381 1644 502 1700 Hoc
523 1639 706 1723 probe
729 1650 1156 1721 perspexerunt
1184 1637 1468 1696 non-nulla
1494 1638 1811 1698 acatholica
1839 1642 2120 1719 gubernia
2146 1672 2161 1717 'a

40 1759 204 1821 quae,
242 1735 587 1819 posthabitis
636 1732 996 1794 solemnibus
1033 1745 1091 1792 et
1130 1731 1380 1813 publicis
1427 1734 1722 1813 promissis
1759 1746 1819 1793 et
1869 1740 2051 1816 pactis
2090 1737 2163 1797 de

39 1832 324 1894 servanda
351 1832 625 1911 religione
649 1829 939 1917 catholica
958 1850 1244 1889 novorum
1273 1827 1640 1886 subditorum
1665 1873 1680 1902 .,
1707 1850 1851 1910 quos
1874 1833 2160 1912 acquisic-

41 1940 217 2003 runt‚
264 1929 675 2009 conspirarunt
719 1923 794 1984 ad
830 1923 1099 1984 eamdem
1149 1923 1384 2004 penitus
1429 1921 1802 1982 abolendam.
1847 1925 1924 1984 Ut
1975 1928 2159 1988 finem

40 2023 199 2083 hunc
225 2022 560 2081 obtinerent
584 2024 739 2080 inter
761 2032 848 2079 tot
881 2018 1096 2093 media,
1122 2040 1252 2099 quae
1276 2018 1666 2095 invenerunt,
1692 2032 1752 2079 et
1783 2019 1893 2081 hoc
1919 2020 1994 2081 de
2025 2045 2161 2105 pro·

41 2117 368 2190 movendiS‚
384 2127 673 2197 quotquot
690 2115 1041 2196 potuissent..
1066 2111 1369 2171 connubiis
1386 2112 1582 2171 mixtis
1611 2115 1864 2174 maxime
1880 2115 2160 2178 idoneum

39 2223 385 2294 repererunt
412 2212 524 2291 (l).
567 2209 653 2269 Ab
684 2209 852 2268 initio
889 2219 1054 2268 caute
1097 2218 1157 2266 et
1184 2205 1550 2282 clanculum,
1587 2220 1765 2288 prout
1810 2231 2007 2269 rerum
2056 2214 2166 2271 ad—

30 2313 231 2385 juncta
270 2305 614 2388 poscebant,
658 2326 749 2363 res
783 2303 1032 2363 deducta
1067 2313 1192 2378 est3
1235 2300 1399 2359 malis
1431 2301 1653 2360 artibus
1691 2316 1971 2382 praeterea
1993 2353 2007 2380 a
2041 2309 2153 2368 fal-

40 2400 197 2459 laciis
215 2445 231 2474 .,
265 2399 613 2480 quandoque
643 2399 818 2457 etiam
846 2398 1061 2476 apertis
1087 2395 1400 2455 mendaciis
1420 2406 1722 2476 pastorum
1746 2397 2161 2462 catholicorum

43 2495 228 2554 zelum
267 2506 325 2554 et
361 2493 717 2572 vigilantiam
762 2491 996 2550 eludere
1042 2490 1257 2549 horum
1295 2488 1711 2570 guberniorum
1754 2493 2005 2554 ministri
2050 2500 2164 2558 nisi

43 2601 181 2648 sunt
211 2589 320 2667 (2).
364 2590 508 2647 Cum
541 2608 676 2647 vero
703 2586 827 2646 haec
851 2585 1075 2645 detecta
1107 2584 1380 2659 fuerunt,
1412 2596 1551 2644 tunc
1579 2584 1820 2647 demum
1841 2635 1857 2664 .,
1891 2589 2150 2673 deposita

110 2730 177 2794 (l)
210 2729 310 2778 Cfr.
348 2728 502 2777 Tract.
548 2724 619 2776 De
645 2743 757 2776 vera
787 2725 1015 2791 reliqione
1037 2761 1052 2786 ,
1142 2725 1428 2786 intendunt,
1461 2730 1820 2793 assequendum.

41 2822 161 2876 part.
179 2826 230 2872 11,
250 2829 300 2860 n.
324 2808 412 2859 251
428 2848 440 2869 ‚
458 2829 508 2860 n.
531 2811 615 2873 (ι),
634 2827 682 2875 p.
700 2806 817 2872 324,
837 2807 922 2857 ubi
938 2811 1058 2856 inter
1207 2809 1275 2873 (2)
1313 2808 1411 2857 Cfr.
1445 2807 1770 2875 -Esposizione
1799 2813 1856 2861 di
1874 2814 1998 2879 fatto
2016 2817 2158 2866 docu-

44 2894 257 2942 tredecim
285 2896 509 2959 praecipua
527 2893 676 2940 media
695 2929 708 2952 ,
728 2890 899 2957 quibus
911 2900 1055 2937 utun·
1138 2899 1347 2939 mentam
1374 2907 1432 2938 su
1457 2901 1634 2957 quanto
1658 2892 1721 2942 ka
1744 2897 2001 2960 preceduto
2034 2916 2058 2946 e
2083 2917 2160 2947 se·-

46 2986 120 3022 tur
160 2959 399 3023 acatholici
442 2973 504 3024 ad
539 2973 906 3040 promovendum
945 2989 1052 3037 pro·
1135 2974 1268 3037 quito
1311 2971 1358 3020 la
1393 2972 1729 3038 deportazt’onc
1770 2976 1827 3024 di
1866 2978 2166 3045 Mon-siquo»-

47 3056 360 3121 selytismum,
397 3068 442 3106 et
468 3057 527 3105 ad
549 3057 780 3121 religionis
813 3054 1046 3104 catholicae
1131 3054 1307 3125 Droate
1339 3054 1656 3105 Arcivescovo
1699 3057 1755 3105 de·
1790 3058 1993 3108 Colonia
2008 3080 2028 3121 ;
2061 3064 2161 3128 gal-

46 3138 368 3187 extinctionem
399 3175 413 3199 ,
448 3139 759 3186 recensuimus
797 3137 1044 3185 undecimo
1130 3138 1218 3184 lice
1260 3152 1274 3183 τ
1317 3133 1508 3202 Εωροεό
1549 3138 1631 3186 des
1674 3139 1796 3204 faite
1832 3146 2045 3206 appuyes
2074 3161 2164 3191 mr

46 3220 147 3267 loco
185 3218 473 3268 Matrimonia
512 3221 652 3267 mixta
692 3221 744 3267 in
789 3219 1052 3283 regionibus
1135 3218 1199 3267 les
1228 3216 1503 3268 documenta
1526 3221 1803 3285 etrelatifitd
1820 3229 1921 3271 tout
1946 3241 1997 3271 ce
2025 3229 2110 3291 qui
2128 3245 2159 3275 α

47 3317 127 3349 seu
153 3302 396 3366 provinciis
420 3301 670 3349 catholicis.
704 3300 1055 3350 lncredilidictu
1127 3300 1328 3366 precede
1354 3309 1400 3348 et
1427 3303 1563 3350 snivi
1590 3300 1919 3351 l'enldvement
1945 3305 2003 3353 de
2020 3308 2153 3373 Myr.

50 3391 116 3429 est
135 3418 149 3440 ‚
179 3390 353 3446 quanto
377 3382 528 3430 studio
557 3383 795 3447 postremis
825 3382 896 3431 his
919 3383 1051 3431 annis
1141 3381 1216 3431 De
1250 3382 1427 3433 Droste
1450 3422 1462 3444 ‚
1506 3382 1789 3449 archeveque
1817 3385 1874 3434 de
1913 3386 2119 3454 Coloqnc
2141 3430 2154 3453 ‚

49 3462 324 3511 schismatici
349 3473 393 3512 et
422 3463 618 3512 haeretici
648 3463 747 3511 haec
773 3465 914 3512 mixta
939 3481 1052 3512 con·
1127 3467 1294 3535 publi&
1311 3469 1342 3517 ὰ
1360 3469 1504 3517 Rome
1523 3485 1634 3516 sous
1654 3468 1702 3517 Ia
1729 3469 1836 3518 date
1852 3469 1966 3534 du4
1990 3473 2152 3536 Mars,

49 3545 193 3592 nubia
222 3547 566 3609 promoverint,
599 3555 819 3612 tanquam
846 3546 1052 3595 medium
1136 3550 1346 3599 Louvain
1384 3562 1426 3599 et
1453 3551 1687 3599 Bruxelles
1728 3550 1872 3603 1838.
1896 3553 1994 3601 Hac
2015 3572 2151 3619 porro

50 3631 258 3676 omnium
275 3629 560 3692 aptissimum
571 3628 625 3676 ad
647 3628 808 3689 finem,
824 3645 961 3694 quem
980 3628 1052 3677 illi
1137 3635 1417 3698 expositione
1452 3648 1572 3697 saepe
1588 3642 1690 3681 utar
1707 3650 1720 3698 3
1751 3651 1858 3683 cum
1892 3645 1941 3684 et
1960 3635 2151 3685 authen.

1850 3728 1949 3788 23.
