2508 4120
278 68 394 129 316
886 84 1211 127 ‘nuc-runs
1255 89 1324 126 nn
1366 86 1741 130 nuntronio.

279 231 544 293 Christus
573 239 941 288 contractum
977 226 1243 298 civilem,
1273 250 1374 288 seu
1404 240 1769 288 contractum
1796 230 1873 289 ad
1906 253 2174 295 normam
2210 237 2403 318 legum

279 327 537 389 civilium
560 324 775 381 initum
807 334 908 382 aut
937 323 1266 383 ineundum
1289 370 1304 399 ,
1342 323 1416 383 ad
1441 324 1785 405 dignitatem
1807 326 2162 389 Sacramenti
2187 333 2403 416 evexit,

279 421 382 482 sed
417 431 785 479 contractum
827 419 1157 493 naturalem
1178 466 1194 496 ‚
1225 420 1461 503 qualem
1499 421 1675 501 exigit
1703 420 1962 481 officium
1984 433 2228 485 naturae.
2259 428 2406 487 Offi-

280 518 438 576 cium.
466 516 760 599 siquidem
783 528 1011 577 naturae
1038 517 1346 578 essentiale
1379 528 1467 576 est
1498 538 1562 577 ac
1594 519 1707 600 ipsi
1740 519 2111 584 Matrimonio
2139 521 2410 584 intrinse-

282 632 449 682 cum,
477 611 725 693 ideoque
761 623 822 672 et
855 623 1190 673 contractus
1229 612 1549 685 naturali53
1585 624 1787 672 contra
1813 636 1952 676 vero
1982 615 2165 676 civilis
2200 616 2408 693 forma,

278 718 346 766 ut
387 708 468 766 ita
514 708 758 790 loquar,
799 730 914 791 qua
952 709 1395 768 Matrimonium
1431 719 1764 769 contractus
1801 709 1984 770 civilis
2038 710 2269 788 evadit,
2310 733 2414 772 ac·-

283 802 589 863 cidentalis
619 815 707 864 est
726 849 743 880 ,
786 805 1110 864 extrinseca
1144 817 1321 888 atque
1349 803 1774 865 mutationibus
1808 807 2107 887 perpetuis
2139 806 2412 867 obnoxia.

284 899 433 958 Cum
479 921 621 960 vero
657 910 989 959 contractus
1026 899 1475 959 matrimonialis
1525 900 1842 959 constituat
1875 902 2182 961 materiam
2214 904 2418 963 Sacra-

279 994 503 1072 menti,
540 994 665 1055 haec
690 995 950 1076 profecto
978 1018 1101 1054 non
1126 995 1328 1054 debuit
1344 994 1417 1054 ab
1437 995 1748 1054 hominum
1764 995 2005 1055 arbitrio
2029 996 2284 1078 pendere
2300 998 2415 1079 (l).

282 1090 434 1149 Hinc
468 1092 609 1151 dist.
652 1091 872 1173 pariter
906 1095 1062 1150 min.
1107 1091 1392 1174 Principis
1437 1103 1526 1151 est
1581 1091 1735 1171 leges
1783 1093 1933 1152 ferre
1970 1114 2077 1174 pro
2117 1103 2421 1153 contractu

283 1185 480 1262 civili,
526 1186 589 1245 in
626 1186 840 1246 ordine>
878 1186 954 1246 ad
998 1187 1192 1246 forum
1235 1186 1441 1263 civile,
1495 1187 1689 1270 quoad
1731 1210 1797 1248 ea
1842 1180 1970 1270 quae
2013 1201 2152 1264 sunt
2190 1188 2420 1252 vinculo

287 1282 574 1363 conjugali
606 1283 963 1358 extrinseca,
988 1305 1179 1350 conc.;
1200 1283 1263 1342 in
1293 1282 1499 1343 ordine
1522 1283 1597 1343 ad
1627 1284 1818 1343 forum
1849 1285 2155 1344 internum
2177 1329 2193 1360 ‚
2227 1284 2423 1368 quoad

281 1401 503 1440 nexum
536 1381 731 1463 ipsum
756 1380 1249 1441 matrimonialem
1274 1392 1333 1441 et
1352 1381 1836 1441 sacramentalem
1859 1427 1875 1458 ‚
1900 1404 2025 1462 neq.
2045 1383 2198 1441 Nam
2225 1382 2286 1441 in
2317 1403 2387 1442 ea
2403 1427 2420 1443 .

285 1495 413 1558 quae
443 1487 583 1534 sunt
606 1477 717 1558 ipsi
741 1478 975 1538 vinculo
997 1476 1286 1556 conjugali
1304 1477 1617 1537 intrinseca
1639 1522 1655 1552 ,
1681 1476 1911 1535 nullum
1936 1480 2029 1556 jus
2056 1477 2238 1537 habet
2262 1478 2424 1536 Prin-

285 1592 445 1652 cePS,
467 1583 673 1652 utpote
701 1594 830 1653 quae
861 1574 1119 1653 separari
1143 1583 1449 1654 nequeant
1474 1572 1693 1654 abipso
1721 1573 2119 1648 Sacrament0‚
2152 1584 2219 1631 ut
2249 1571 2423 1654 paulo

285 1667 438 1725 infra
473 1668 656 1746 magis
688 1666 1133 1727 declarabimuS.
1717 1666 1721 1671 ’

366 1761 510 1821 207.
557 1761 646 1819 Ad
680 1763 766 1819 2¹¹²
794 1807 809 1836 a
847 1762 997 1841 Ney.
1033 1762 1297 1842 Dignitas
1334 1764 1492 1822 enim
1518 1763 1881 1822 Sacramenti
1918 1786 2041 1822 non
2080 1762 2423 1845 supervenit

289 1854 386 1916 vel
412 1856 523 1938 ipsi
547 1857 875 1915 contractui
896 1857 1154 1916 naturali
1180 1883 1196 1931 ς
1225 1857 1329 1916 sed
1351 1869 1682 1917 contractus
1711 1857 1993 1917 naturalis
2023 1859 2087 1916 in
2114 1867 2247 1917 actu
2273 1857 2422 1940 ipsu,

289 1974 406 2035 quo
437 1953 737 2034 perficitur
759 1999 774 2028 a
803 1974 873 2012 ex
901 1952 1117 2012 Christi
1138 1953 1510 2013 institutione
1531 1953 1722 2012 induit
1749 1965 2024 2013 naturam
2041 1952 2424 2027 Sacramenti.‚

292 2047 451 2131 quod
481 2046 554 2107 ab
583 2049 711 2130 ipso
732 2053 857 2125 jam
883 2048 1272 2129 inseparabile
1295 2060 1402 2108 est.
1431 2048 1773 2108 Notandum
1797 2049 2084 2131 siquidem
2109 2048 2204 2107 hic
2226 2046 2427 2107 sedulo

290 2154 407 2218 est,
435 2165 559 2202 non
581 2144 960 2224 supervenire
978 2145 1270 2202 rationem
1297 2146 1655 2203 Sacramenti
1685 2144 2007 2203 contractui
2035 2142 2288 2201 naturali
2301 2146 2428 2220 jam

289 2240 353 2297 in
389 2260 496 2298 suo
533 2260 648 2298 esse
686 2240 1004 2298 constituto
1059 2249 1118 2297 et
1162 2239 1455 2320 perfect0.,
1497 2238 1823 2316 cujusmodi
1855 2250 1943 2298 est
1970 2259 2118 2320 aqua
2154 2248 2426 2319 respectu

290 2335 574 2414 Baptismi
593 2379 610 2410 ,
642 2335 811 2415 panis
840 2345 1109 2415 respectu
1142 2333 1513 2394 Eucharistiae
1536 2359 1551 2408 ς
1578 2334 1680 2394 sed
1709 2335 1857 2393 ratio
1882 2334 2239 2393 Sacramenti
2263 2354 2432 2392 exur-

291 2430 374 2511 git
412 2441 471 2490 et
490 2431 790 2513 perficitur
820 2431 882 2488 in
907 2441 1039 2488 actu
1074 2430 1203 2511 ipso
1229 2475 1245 2504 ,
1273 2451 1389 2511 quo
1419 2429 1527 2488 sub
1557 2428 1768 2488 deditis
1804 2427 2232 2488 conditionibus
2255 2428 2432 2510 perfi—

294 2525 446 2584 citur
469 2536 799 2584 contractus
814 2569 835 2598 ,
862 2524 1366 2608 quemadmodum
1388 2525 1539 2584 ratio
1559 2525 1923 2584 Sacramenti
1944 2524 2223 2606 Baptismi
2249 2524 2431 2583 oritur

294 2756 535 2806 inhabiles
565 2758 630 2805 ad
667 2757 1047 2807 contrahendum
1085 2760 1225 2806 etsie
1257 2758 1322 2806 il·
1406 2759 1632 2820 ethnicis,
1664 2769 1747 2806 aut
1783 2759 2003 2807 haereticis
2039 2768 2082 2806 et
2111 2758 2299 2822 impiis,
2331 2756 2436 2806 reli-

295 2841 562 2907 leqitimum
605 2850 650 2888 et
689 2841 959 2889 invalidum
1002 2849 1320 2889 contractum.
1412 2843 1564 2907 quisse
1593 2840 1865 2889 facultatem
1895 2839 2166 2888 moderandi
2197 2839 2436 2887 materiam

294 2922 470 2973 Verum
490 2925 547 2972 de
561 2926 702 2987 hujus
721 2926 919 2972 auctoris
942 2926 1168 2989 principio
1184 2923 1325 2988 paulo
1412 2920 1696 2971 Sacramenti
1715 2959 1728 2982 ‚
1760 2923 1825 2969 ita
1854 2932 1907 2970 ut
1943 2923 2143 2970 materiae
2181 2938 2439 2969 sacramen·

297 3016 398 3071 post
409 3005 845 3072 agemus.ldipsum
860 3008 1167 3071 praestiterunt
1181 3005 1325 3054 Theo·
1411 3004 1516 3055 talis
1540 3004 1669 3052 valor
1697 3003 1915 3069 penderet
1943 3003 2000 3051 ab
2022 3003 2210 3052 illorum
2228 3002 2434 3052 arbitrio.

297 3088 421 3154 logi,
469 3091 551 3155 qui
577 3106 687 3137 eum
711 3092 853 3137 secuti
873 3100 980 3136 sunt
998 3126 1011 3149 ‚
1054 3088 1291 3155 Tournely
1307 3124 1322 3150 ,
1414 3084 1549 3150 Quod
1579 3085 1788 3150 profecto
1806 3102 1946 3133 nemo
1975 3102 2111 3132 sanus
2129 3084 2313 3132 dixerit.
2334 3082 2438 3130 Jam

301 3171 475 3235 Collet‚
510 3171 679 3237 aliique
702 3173 889 3236 passim.
1413 3185 1519 3216 vero
1549 3165 1638 3216 sub
1669 3169 1846 3216 ratione
1888 3166 2085 3232 politicae
2114 3166 2439 3214 dominationis

370 3253 442 3316 (1)
459 3253 512 3300 ln
526 3254 890 3302 adversariorum
919 3250 1187 3318 hypothesi,
1204 3252 1328 3319 quod
1414 3253 1536 3299 inter
1562 3268 1608 3298 se
1635 3267 1766 3316 pares
1806 3259 1913 3298 sunt
1945 3249 2169 3297 Catholici
2207 3248 2440 3312 Principes

303 3334 510 3384 Christus
544 3340 745 3385 evexerit
794 3336 1145 3385 Matrimonium
1168 3371 1181 3390 ‚
1206 3353 1323 3400 qua·
1410 3343 1454 3383 et
1475 3333 1715 3399 Principes
1736 3333 1947 3381 infideles
1978 3342 2022 3380 et
2039 3331 2279 3380 acatholici
2298 3367 2311 3391 ‚
2331 3346 2438 3378 cum

305 3427 437 3465 tenus
469 3429 730 3468 contractus
753 3419 905 3469 civilis
940 3429 1038 3479 est,
1079 3417 1139 3466 ad
1177 3417 1328 3481 digni·-
1414 3434 1577 3465 omnes
1608 3417 1812 3466 habeant
1852 3415 1975 3464 idem
2023 3415 2286 3482 objectum,
2321 3423 2438 3461 tem-

308 3509 451 3549 tatem
481 3498 767 3550 Sacramenti
788 3540 800 3562 ,
832 3502 1217 3568 hot-„sequeretur
1248 3500 1332 3547 ab·
1416 3500 1620 3565 poralem
1632 3499 1843 3549 videlicet
1858 3497 2149 3547 subditorum
2164 3496 2437 3547 felicitatem.

308 3583 499 3631 surdum
518 3618 534 3643 ,
576 3582 811 3632 Christum
848 3585 1021 3634 scilicet
1045 3581 1335 3647 Principibus
