2508 4120
611 195 736 234 CAP.
782 194 866 235 IV·
913 196 981 233 m!
1027 194 1395 234 MATmnonns
1437 196 1644 234 Mlx'rls.

2057 175 2174 236 389

73 339 258 400 clesiae
280 336 541 397 hostibus
567 338 630 396 in
655 339 832 420 ipsius
855 337 1118 398 Ecclesiae
1144 350 1371 419 pestem
1394 350 1453 398 et
1474 339 1802 398 animarum
1838 339 2172 420 perniciem.

73 433 138 493 Id
184 434 338 515 quod
372 432 557 513 liquet.
591 444 791 512 aperte
835 434 897 490 10
939 453 1011 491 ex
1048 433 1309 513 inspecto
1347 432 1798 503 acatholicorum
1837 433 2076 492 consilio
2114 434 2177 491 in

72 527 184 586 illis
221 526 538 586 condendis
584 525 843 606 legibus,
893 525 1102 607 quibus
1129 526 1343 604 jubent
1386 526 1704 586 liberorum
1741 528 2173 588 institutionem

74 623 184 682 viri
237 622 475 681 arbitrio
520 621 966 702 relinquendam
1011 641 1170 693 esse,
1218 632 1320 678 aut
1367 643 1556 681 mares
1607 621 1843 703 quidem
1881 634 2126 703 paterna
2155 668 2172 696 ,

76 718 343 777 foeminas
365 738 504 777 vero
536 727 799 774 materna
828 715 1103 794 religione
1123 715 1424 774 informari
1440 716 1529 796 (l)
1549 761 1565 790 ,
1591 728 1694 775 aut
1720 717 1896 775 etiam
1919 716 2180 777 sobolem

80 833 315 871 omnem
339 832 410 871 ex
436 811 633 870 mixtis
659 810 961 870 connubiis
986 821 1314 892 susceptam
1351 831 1417 869 ea
1451 810 1727 891 religione
1762 811 2046 872 innutriri»
2074 812 2180 873 de-

145 1043 210 1104 (l)
249 1042 308 1091 Ut
328 1040 543 1089 omnibus
582 1050 732 1104 pateat
765 1043 880 1088 ratio
910 1038 1088 1106 legisla-

82 1127 220 1172 tionis
248 1123 493 1171 Borussicae
510 1160 523 1179 ‚
542 1139 644 1188 quae
671 1124 865 1187 pertinet
896 1107 955 1169 ad
978 1138 1087 1169 con-

81 1205 225 1253 nubia
255 1207 422 1263 mixta,
479 1219 629 1268 operae
660 1206 857 1267 pretium
893 1219 977 1250 nos
1001 1202 1094 1250 fac-

81 1298 207 1335 turos
234 1283 465 1334 credimus
485 1323 499 1345 ‚
533 1288 569 1333 si
602 1302 703 1333 eam
736 1285 813 1332 hic
843 1284 1092 1349 legentium

87 1369 233 1415 oculis
251 1366 575 1432 subjiciamus.

149 1449 189 1496 1.
224 1452 485 1514 Antequam
520 1448 729 1497 ederetur
771 1447 914 1496 codex
949 1447 1094 1494 civilis

84 1533 210 1594 regni
237 1529 456 1578 Borussiae
476 1566 490 1589 ,
523 1531 571 1577 id
601 1530 727 1595 quod
755 1531 945 1592 contigit
972 1547 1095 1578 anno

91 1626 216 1676 1792
247 1646 260 1669 ‚
295 1613 470 1675 sponsis
518 1610 705 1659 diversae
755 1612 1096 1658 communionis

81 1693 308 1756 integrum
351 1702 442 1740 erat
477 1709 560 1756 per
585 1700 732 1756 pacta
753 1726 768 1754 ‚
801 1706 903 1757 quae
932 1696 1098 1739 vocant

86 1772 467 1838 antenuptialia,
505 1775 748 1820 convenire
787 1775 911 1821 inter
962 1790 1058 1821 sese
1081 1807 1095 1833 ,

84 1870 175 1917 qua
205 1853 423 1917 religione
463 1853 610 1916 proles
643 1862 758 1900 esset
792 1852 1096 1901 instituenda.

85 1932 293 1982 Matrum
318 1950 453 1998 porro
492 1935 823 1982 catholicarum
855 1934 1059 1982 studium
1080 1970 1093 1993 ‚

89 2033 182 2081 quo
212 2016 387 2079 prolem
425 2033 553 2063 suam
592 2014 871 2063 imbuebant
900 2015 1096 2063 catholi-

89 2100 153 2144 cis
182 2099 401 2144 institutis
419 2133 432 2156 ,
460 2097 578 2144 nihil
600 2097 695 2145 fere
730 2114 756 2144 a
787 2098 960 2144 maritis
992 2113 1097 2160 pro-

88 2179 365 2228 testantibus
390 2179 728 2239 retardabatur,
746 2188 904 2243 utpote
921 2181 1002 2244 qui
1020 2196 1098 2242 per

87 2260 136 2308 id
169 2261 457 2324 potissimum
491 2261 706 2324 temporis
756 2258 1101 2324 indifferentis-

87 2357 219 2388 ·mum
234 2352 478 2397 sectantes,
506 2358 602 2388 non
627 2342 756 2390 valde
781 2351 907 2390 erant
941 2341 999 2390 de
1029 2358 1100 2389 re-

87 2423 260 2486 ligione
289 2421 470 2471 soliciti.
501 2422 650 2487 Quam
679 2441 776 2471 rem
808 2423 1099 2470 animadver-

92 2513 192 2552 tens
215 2504 437 2568 legislatio
457 2503 692 2551 Borussica
714 2540 728 2562 ,
752 2505 802 2550 in
829 2503 936 2550 cod.
955 2502 1098 2561 civili,

92 2595 210 2650 part.
262 2602 294 2632 u
320 2622 334 2644 ‚
377 2587 445 2633 tit.
478 2591 542 2643 α’,
579 2583 607 2650 ξ
643 2581 830 2650 74-84,
864 2586 1102 2648 sequentia

94 2667 236 2714 edixit
268 2664 327 2732 :S
358 2663 441 2730 76,
470 2665 517 2713 Si
540 2676 745 2730 parentes
774 2665 959 2713 diversae
987 2681 1101 2712 con-

95 2748 304 2795 fessionis
352 2748 553 2807 fuerint,
589 2747 779 2795 masculi
819 2747 988 2795 debent
1029 2738 1110 2793 in-'

84 2833 222 2878 “stitui
250 2833 297 2877 in
332 2831 547 2894 religione
575 2833 713 2895 patris
738 2848 884 2896 usque
919 2830 974 2877 ad
994 2841 1102 2876 aeta-

97 2914 156 2959 tis
185 2928 261 2961 an.
291 2930 413 2974 x1v‚.
434 2913 632 2960 soeminae
668 2928 775 2962 vero
809 2916 860 2960 in
886 2912 1104 2976 religione

93 2994 267 3041 matris,
295 2991 400 3059 §77
427 3029 442 3056 ,
463 2994 541 3042 Hae
569 2994 688 3058 leges
714 2995 839 3043 eludi
865 3003 1105 3060 nequeunt

94 3090 177 3139 per
203 3074 388 3140 aliquod
416 3079 614 3125 anterius
631 3087 815 3142 pactum
833 3080 1003 3126 initum
1034 3080 1107 3124 in-

97 3164 164 3203 ter
206 3165 432 3219 parentes.
469 3155 498 3222 §
551 3154 615 3233 78
633 3194 646 3216 ‚
685 3157 839 3222 Quum
887 3167 1097 3223 parentes

97 3236 343 3286 concordes
367 3239 487 3285 inter
512 3255 559 3286 se
577 3238 749 3286 fuerint
773 3241 891 3286 circa
915 3240 1097 3305 religioe-

97 3336 196 3367 sam
217 3318 352 3381 prolis
373 3320 710 3381 institutionem
731 3358 744 3379 ‚
766 3338 902 3368 nemo
923 3322 1000 3387 jus
1019 3320 1104 3371 ha-

97 3399 228 3447 bebit
251 3417 344 3448 sese
372 3401 732 3450 intermiscendi.

169 3480 231 3530 11.
275 3479 363 3528 Hic
396 3498 546 3530 rerum
579 3493 719 3531 status
758 3483 892 3548 plene
937 3487 1107 3533 immu-

102 3574 220 3612 tatus
237 3574 302 3612 est
321 3581 347 3611 a
363 3564 485 3628 regia
505 3565 806 3614 declaratione
828 3601 843 3626 ,
874 3583 976 3632 quae
998 3567 1104 3615 data

108 3656 176 3695 est
204 3646 277 3694 die
300 3661 354 3693 21
392 3645 509 3695 Nov.
539 3644 750 3696 1803.1n
775 3664 826 3697 ea
844 3650 965 3698 enim
986 3665 1101 3714 que-

1174 1042 1278 1089 relae
1311 1059 1466 1107 graves
1491 1045 1675 1109 jactatae
1706 1054 1814 1092 sunt
1830 1079 1848 1105 ‚
1873 1046 1999 1110 quod
2026 1063 2079 1093 ex
2110 1063 2183 1094 re-

1174 1120 1333 1186 ligiosa
1356 1121 1923 1187 liberorumssinstitutione
1940 1126 2187 1176 domestica

1174 1203 1452 1252 familiarum
1484 1206 1789 1271 tranquillitas
1809 1207 2151 1271 perturbaretur
2170 1225 2186 1272 3

1175 1294 1273 1332 tum
1314 1302 1420 1334 vero
1461 1289 1688 1335 sancitum
1712 1322 1727 1347 ,
1775 1298 1825 1335 ut
1859 1291 1908 1335 in
1956 1300 2187 1353 posterum

1175 1381 1334 1414 omnes
1365 1368 1562 1417 infantes
1582 1371 1764 1417 institui
1791 1369 2011 1421 deberent
2043 1372 2099 1418 in
2123 1388 2190 1419 re·

1175 1447 1353 1511 liqione
1369 1451 1531 1513 patris
1550 1487 1563 1508 ‚
1611 1461 1748 1516 atque
1777 1462 1827 1499 ut
1853 1455 1932 1500 lex
1954 1455 2040 1500 ista
2060 1450 2191 1500 nullo

1175 1530 1291 1576 inito
1315 1547 1341 1577 a
1362 1527 1637 1596 conjugibus
1653 1541 1788 1595 pacto
1803 1533 1993 1597 infringi
2019 1543 2186 1597 posset.

1176 1607 1323 1657 Nemo
1352 1626 1490 1658 ausus
1527 1621 1592 1658 est
1641 1612 1989 1671 contradicere3
2047 1628 2190 1678 quare

1177 1688 1412 1737 decretum
1439 1690 1530 1759 hoc
1567 1707 1619 1739 eo
1661 1692 1837 1741 facilius
1873 1693 1932 1741 ad
1965 1693 2187 1742 effectum

1143 1791 1146 1793 “
1178 1771 1451 1835 perductum
1491 1783 1592 1835 est,
1635 1774 1761 1838 quod
1801 1773 2192 1838 indifferentismi

1177 1851 1305 1900 labes
1328 1853 1578 1900 hominum
1617 1856 1797 1901 animos
1819 1856 2066 1902 maximam
2079 1872 2184 1919 par-

1179 1942 1272 1981 tem
1293 1935 1591 1997 {pervaseram
1627 1934 1774 1982 clerus
1809 1943 1966 1983 autem
1994 1953 2076 2000 pro
2090 1937 2183 1984 ini-

1179 2032 1269 2079 qua
1327 2026 1587 2080 temporum
1638 2017 1900 2064 conditione
1951 2019 2191 2067 conticuit.

1179 2095 1334 2161 Atque
1359 2097 1452 2144 huc
1467 2107 1586 2145 certe
1603 2106 1808 2160 spectant
1820 2097 1960 2145 verba
1987 2096 2092 2147 Von
2107 2099 2189 2148 Al-

1178 2179 1394 2236 tenstein‚
1411 2177 1579 2243 quibus
1591 2181 1772 2226 invocat
1783 2179 2194 2244 prm-scriptionem

1179 2260 1230 2305 in
1256 2258 1459 2307 savorem
1496 2258 1792 2323 legislationis
1818 2255 2078 2308 'Borussicae
2109 2263 2194 2311 ad-

1180 2357 1334 2387 versus
1364 2339 1644 2404 Archiepisc.
1670 2339 2062 2391 Posnaniensem.
2098 2342 2192 2392 Ve-

1180 2435 1288 2466 rum
1316 2422 1391 2467 cui
1424 2420 1613 2468 tandem
1643 2430 1721 2468 aut
1749 2422 1937 2486 quando
1973 2422 2190 2472 auditum

1182 2509 1274 2559 est,
1310 2502 1405 2548 vim
1441 2518 1493 2549 ex
1524 2519 1617 2550 una
1646 2512 1803 2565 parte,
1827 2510 2006 2551 metum
2044 2511 2098 2551 e'x
2125 2504 2193 2553 al-

1182 2593 1276 2631 tera
1300 2582 1593 2632 constabilire
1621 2584 1807 2632 titulum
1844 2588 2190 2650 praescriptionis

1183 2660 1459 2713 fundandae?
1483 2668 1729 2730 praesertim
1743 2683 1851 2715 cum
1872 2671 2063 2733 antiqua
2079 2685 2190 2716 con-

1183 2748 1377 2795 suetudo
1396 2785 1409 2806 ,
1443 2756 1492 2795 ut
1519 2747 1641 2796 idem
1660 2748 2038 2814 Archiepiscopus
2060 2768 2191 2815 aper-

1185 2832 1360 2877 tissime
1384 2829 1616 2888 ostendit,
1676 2841 1720 2878 et
1761 2847 1844 2878 nos
1873 2831 1993 2880 infra
2021 2831 2197 2880 videbi-

1185 2929 1288 2973 mus
1326 2949 1339 2971 ,
1380 2911 1419 2960 si
1462 2911 1610 2960 unum
1653 2922 1733 2960 aut
1779 2913 1974 2962 alterum
2019 2914 2191 2962 factum

1185 2995 1383 3057 excipias
1402 3031 1414 3052 ‚
1441 2995 1489 3040 in
1512 3010 1604 3059 quo
1629 2995 1695 3040 vis
1718 2992 1890 3058 injusta
1918 2996 2190 3056 intercessit,

1186 3085 1447 3126 constanter
1478 3075 1772 3124 obtinuerit?
1942 3135 1949 3148 1

1247 3156 1339 3205 111.
1357 3155 1534 3204 Interea
1548 3159 1793 3221 provinciae
1808 3155 2060 3218 Rhenauae,
2084 3156 2193 3206 Gal-

1179 3239 1279 3286 licae
1321 3238 1485 3286 ditioni
1531 3239 1743 3304 subjectae
1768 3275 1782 3297 ‚
1819 3255 1872 3286 ex
1900 3237 2191 3287 Concordato

1184 3336 1261 3367 seu
1296 3322 1595 3378 conventione
1633 3321 1744 3367 anni
1772 3315 1888 3367 1801
1922 3321 1973 3369 in
2003 3322 2058 3367 iis
2090 3337 2192 3368 om·-

1186 3400 1325 3448 nibus
1340 3437 1355 3460 ,
1388 3416 1490 3466 quae
1513 3399 1571 3447 ad
1597 3400 1863 3465 religionem
1882 3403 2190 3465 pertinerent,

1190 3501 1368 3531 summa
1431 3484 1639 3532 libertate
1683 3483 1958 3532 fruebantur
1989 3501 2004 3549 ;
2060 3494 2196 3550 atque

1187 3566 1298 3616 adeo
1315 3604 1328 3627 ‚
1347 3583 1454 3614 cum
1478 3582 1601 3614 anno
1627 3563 1752 3628 1814
1776 3569 1826 3614 in
1845 3571 2109 3632 potestatem
2124 3581 2201 3614 ve·-

1186 3658 1355 3697 nerunt
1380 3650 1495 3714 regis
1538 3646 1760 3696 Borussici
1782 3685 1795 3709 ,
1845 3647 1962 3696 nihil
1998 3651 2049 3696 in
2091 3647 2204 3711 ipsis
