2508 4120
2101 147 2216 205 419

129 312 322 357 nonnulli
352 321 443 352 eam
477 313 747 363 proponunt,
776 306 858 363 qui
874 308 1034 352 vellent
1053 308 1359 350 continentiam
1391 307 1510 349 bonae
1538 306 1797 348 valetudinis
1815 306 1982 360 legibus
2001 305 2221 348 adversam

125 379 421 424 demonstrari.
462 377 862 420 Demonstrabimus
892 377 1052 430 igitur,
1089 375 1345 429 imaginaria
1382 386 1474 417 esse
1515 375 1660 429 potius
1693 386 1828 429 quam
1864 374 2107 428 probabilia
2141 373 2220 415 illa

126 462 268 492 rerum
295 447 494 502 adjuncta
510 477 522 497 ,
551 447 594 487 in
619 446 778 500 quihus
801 445 1062 488 continentia
1090 444 1285 486 nocuisse
1305 443 1456 485 fertur.
1478 444 1576 485 Sine
1605 442 1851 497 praejudicio
1876 443 2118 496 loquimun
2145 454 2224 484 nec

124 516 402 560 validissimis
427 515 692 568 argumentis
724 514 993 564 carebimus,
1027 512 1186 566 quibus
1208 511 1475 554 adversarios
1494 506 1764 564 virginitatis
1796 509 2099 552 refutabimus.

179 614 279 665 Pag.
293 611 388 661 192.
409 611 469 650 Ex
481 608 712 662 Filangerii
730 619 858 662 opere
874 637 886 658 ,
907 605 1022 661 quod
1040 605 1290 648 inscribitur
1307 604 1534 648 :scientia
1548 602 1864 660 leqislationis‚
1881 615 1975 658 cap.
2005 605 2047 645 8.

178 707 323 747 Maesta
350 703 573 757 cogitatio!
599 702 706 745 vitia
739 705 782 744 et
810 701 1015 744 libidines
1044 701 1257 754 reciproca
1288 699 1495 741 filiatione
1527 698 1714 761 quadam
1745 699 1859 741 inter
1883 711 1928 741 se
1966 701 2228 742 nectuntur..
2299 709 2303 713 ’

123 778 260 815 Unum
276 770 471 826 producit
485 771 742 819 alterum‚ac
753 769 945 822 genitum
960 771 1089 822 auget
1102 767 1216 810 vires
1227 767 1455 821 gignentis.
1471 766 1539 808 Sic
1551 767 1710 820 inopia,
1724 769 1768 807 et
1784 766 2003 808 caeliBatus
2013 766 2225 809 violenter

124 854 150 885 a
164 839 422 895 quibusdam
438 838 595 881 civium
609 837 832 879 ordinibus
846 839 1062 887 servatuS,
1084 834 1186 877 dum
1207 834 1484 876 matrimonia
1504 832 1777 887 impediunt,
1799 833 2018 887 publicam
2036 834 2226 876 inconti-

125 909 316 952 nentiam
347 909 506 961 augent
522 921 533 956 ;
559 910 601 948 et
617 905 791 960 publica
820 903 1129 947 incontinentia
1145 902 1328 946 eflicitur
1343 933 1355 952 ,
1385 906 1436 944 ut
1450 902 1654 956 pauciora
1669 901 1947 943 matrimonia
1966 900 2228 943 contrahan-

124 981 213 1018 tur.
231 976 311 1018 Ubi
329 975 446 1028 viget
472 986 638 1015 morum
654 973 895 1027 corruptio,
929 972 996 1014 vir
1023 970 1246 1013 mulierem
1275 969 1550 1023 dedignatur;
1573 971 1617 1011 et
1631 968 1704 1010 ubi
1727 968 1841 1021 viget
1872 971 2130 1022 paupertas,
2146 968 2220 1011 ubi

125 1043 300 1098 plurimi
321 1042 445 1084 inviti
465 1041 707 1084 caelibatum
737 1042 934 1090 servant,
964 1038 1025 1080 ibi
1060 1039 1298 1080 necessario
1330 1038 1446 1091 viget
1465 1049 1632 1078 morum
1671 1036 1938 1090 corruption.
1959 1040 2021 1079 Et
2051 1036 2178 1091 infra
2198 1049 2213 1077 .·

126 1114 397 1164 Quantopere
416 1120 498 1151 non
521 1108 739 1162 intercipit
755 1108 908 1150 civium
926 1107 1204 1161 propaginem
1220 1105 1402 1148 effraenis
1420 1104 1507 1151 haec
1524 1103 1689 1146 libido?
1703 1106 1837 1154 Quam
1856 1104 2031 1155 mirum,
2055 1116 2105 1146 ex
2124 1116 2225 1146 cen-

126 1183 220 1221 tum
240 1178 366 1230 viris,
387 1178 423 1219 si
438 1177 490 1219 de
506 1177 657 1230 maJori
671 1178 894 1219 nationum
909 1177 1032 1229 parte
1053 1176 1207 1228 agatur
1219 1205 1231 1224 ‚
1248 1174 1315 1215 vix
1331 1185 1464 1214 unum
1480 1172 1715 1226 quotannis
1729 1171 1840 1214 inire
1862 1172 2187 1213 matrimonium
2207 1172 2226 1211 ‘2

126 1250 187 1289 Et
205 1246 256 1289 in
276 1250 386 1288 nola
402 1259 414 1287 .-
430 1244 695 1287 Evolvantur
723 1243 1054 1297 supputationes
1086 1244 1138 1283 1).
1172 1241 1407 1283 Sussmilch
1441 1232 1696 1281 affirmantis
1712 1271 1724 1290 ,
1757 1251 1807 1281 ex
1833 1240 1887 1280 64
1912 1239 2160 1281 hominibus
2182 1239 2231 1279 in-

126 1314 353 1356 Hollandia
371 1315 503 1354 unum
534 1323 627 1354 csse
657 1311 731 1366 qui
748 1311 1071 1352 matrimonium
1108 1308 1356 1358 contrahat,
1378 1307 1479 1349 dum
1505 1308 1550 1348 in
1566 1307 1719 1350 Suevia
1761 1319 1875 1348 unus
1889 1319 1938 1349 ex
1956 1308 2037 1348 126
2064 1309 2226 1347 statum

127 1381 390 1436 conjugalem
419 1381 529 1426 inire
561 1379 693 1431 solet,
727 1380 772 1420 in
803 1382 943 1420 Marca
971 1373 1342 1430 Brandeburgensi
1377 1380 1509 1431 atque
1545 1376 1590 1417 in
1619 1374 1842 1417 Finlandia
1889 1388 2001 1417 unus
2037 1387 2085 1417 ex
2117 1375 2196 1416 108
2211 1405 2222 1425 ,

126 1449 312 1491 Berolini
330 1461 443 1490 unus
458 1460 506 1490 ex
523 1449 619 1499 110,
637 1448 681 1488 in
696 1446 848 1501 Anglia
875 1458 989 1488 unus
1003 1458 1051 1488 ex
1064 1446 1119 1488 98
1134 1476 1145 1496 ,
1167 1446 1247 1486 115
1267 1475 1278 1497 ,
1294 1446 1388 1486 118.

179 1563 278 1613 Pag.
294 1561 389 1601 216.
404 1561 462 1600 Ex
476 1561 570 1600 Em.
587 1557 712 1600 Card.
730 1557 982 1601 Pallavicini
995 1557 1115 1602 Hist.
1132 1562 1264 1617 Cone.
1281 1556 1406 1600 Trici.
1427 1557 1506 1600 lib.
1524 1559 1682 1608 XXIII,
1701 1570 1792 1612 cap.
1811 1558 1855 1608 9,
1878 1569 1921 1599 n.
1937 1558 1991 1598 15
2010 1557 2079 1610 (in
2093 1555 2230 1599 latina

123 1625 225 1667 edit.
242 1634 284 1666 n.
299 1626 375 1679 15)

175 1721 350 1762 Certum
384 1731 485 1761 sane
532 1723 618 1770 est,
663 1721 932 1761 contractum
965 1719 1232 1774 conjugalem
1273 1722 1432 1762 natur-a
1467 1731 1545 1761 sua
1578 1721 1622 1761 et
1656 1719 1748 1760 sine
1782 1716 2056 1759 institutione
2087 1716 2232 1760 divina

125 1789 437 1829 sacramentum
452 1798 537 1828 non
553 1798 660 1837 esse,
675 1786 867 1840 adeoque
881 1788 927 1827 et
941 1786 1056 1840 quod
1072 1787 1182 1828 illud
1197 1789 1515 1829 sacramentum
1527 1787 1587 1827 sit
1602 1789 1646 1828 et
1656 1785 1777 1839 quod·
1788 1786 1844 1826 sit
1859 1787 2119 1835 contractuS,
2137 1796 2230 1826 esse

125 1853 232 1896 duas
248 1858 425 1896 naturas
438 1854 684 1907 distinctas,
706 1866 890 1908 quarum
922 1855 1137 1908 posterior
1151 1855 1242 1897 sine
1258 1854 1392 1908 priori
1418 1854 1650 1908 persistere
1670 1857 1862 1908 poterat;
1885 1853 2085 1907 quamvis
2113 1865 2229 1895 nunc

127 1934 176 1964 ex
195 1921 337 1965 divino
356 1922 525 1964 decreto
546 1921 744 1976 separari·
766 1933 852 1962 non
883 1924 1021 1976 possit
1049 1922 1227 1975 (saltem
1256 1925 1375 1964 extra
1406 1934 1553 1964 casum
1573 1921 1833 1974 fortuitum)
1869 1921 1982 1963 inter
2003 1921 2222 1976 homines,

128 1993 328 2043 suscepto
368 1989 601 2047 baptismo.
633 1988 1000 2049 Quemadmodum
1028 1990 1189 2043 igitur,
1225 1991 1327 2044 quia
1362 1991 1525 2045 species
1558 1985 1810 2032 consecratae
1844 1989 2035 2044 separari
2055 1987 2231 2043 quidem

125 2060 347 2112 nequeunt
378 2069 403 2098 a
436 2069 611 2111 corpore
642 2056 824 2109 Christi,
846 2055 923 2099 sed
951 2060 1054 2098 sunt
1080 2058 1135 2099 ab
1155 2058 1248 2112 ipso
1277 2057 1510 2110 distinctae,
1531 2057 1744 2099 naturalis
1763 2058 1957 2112 potentia
1979 2068 2228 2111 quanquam

127 2128 293 2166 mutare
322 2137 406 2165 non
433 2125 569 2185 possit
601 2123 762 2165 Christi
790 2136 964 2178 corpus,
987 2127 1131 2179 potest
1155 2129 1301 2167 tamen
1322 2126 1484 2179 species
1513 2128 1680 2182 mutare
1700 2157 1712 2175 ,
1743 2128 1786 2166 et
1812 2125 1892 2166 hoc
1921 2127 2047 2178 pacto
2067 2122 2231 2165 efficere

125 2194 297 2245 potest,
326 2204 379 2233 ne
408 2191 570 2232 Christi
603 2203 758 2244 corpus
777 2191 839 2233 ibi
858 2195 1139 2245 permaneat;
1162 2192 1223 2233 ita
1242 2194 1336 2246 pari
1370 2193 1536 2234 ratione
1556 2194 1748 2246 potestas
1767 2191 2057 2233 ecclesiastica
2086 2193 2230 2244 potest

125 2262 390 2302 contractum
410 2262 578 2300 mutare
590 2290 601 2307 ,
615 2259 789 2300 tametsi
806 2262 993 2312 nequeat
1008 2263 1176 2301 mutare
1195 2263 1531 2310 sacramentum
1552 2263 1596 2301 et
1609 2260 1689 2301 hac
1702 2259 1771 2301 via
1787 2259 1888 2302 licet
1902 2259 1985 2312 ipsi
2002 2257 2226 2312 impedire,

126 2338 181 2368 ne
212 2329 329 2368 certa
347 2325 539 2380 quaedam
558 2326 838 2368 contrahendi
863 2328 1002 2369 forma
1022 2330 1341 2370 sacramentum
1361 2331 1604 2378 remaneat,
1628 2328 1741 2370 sicut
1767 2318 1860 2368 erat
1887 2327 2024 2379 prius.
2041 2324 2163 2376 Quod
2191 2326 2229 2366 si

129 2404 219 2435 rem
237 2393 414 2435 sinceris
427 2394 711 2447 purgatisque
732 2395 867 2435 oculis
885 2395 1185 2449 inspiciamuS‚
1211 2393 1598 2448 deprehendimus,
1626 2394 1671 2436 id
1700 2406 1781 2436 usu
1811 2393 1958 2437 venire
1988 2393 2032 2434 in
2066 2393 2233 2435 cunctis

78 2456 82 2460 ⁴
128 2460 446 2516 impedimentis
466 2491 480 2510 ,
500 2461 778 2502 matrimonio
794 2460 848 2502 ab
865 2461 1055 2503 Ecclesia
1070 2462 1252 2517 injectis.

182 2557 282 2608 Pag.
293 2556 388 2596 222.
408 2553 627 2597 Exeodem
646 2566 796 2609 opere,
811 2554 890 2625 lib.
904 2557 1023 2598 XXII
1039 2587 1051 2607 ‚
1069 2567 1162 2611 cap.
1181 2559 1208 2598 4
1224 2589 1234 2607 ,
1256 2569 1297 2598 n.
1318 2558 1359 2598 8.

182 2653 304 2692 Hanc
321 2650 577 2692 sententiam
597 2650 838 2705 complexus
853 2655 919 2693 est
937 2654 1121 2695 Joannes
1149 2652 1416 2695 Trivisianus
1442 2654 1718 2696 venetiarum
1748 2652 1998 2695 Patriarcha
2013 2683 2024 2703 ,
2050 2653 2126 2708 qui
2147 2664 2232 2695 non

132 2717 448 2760 condecentiam
468 2718 594 2760 modo
608 2749 621 2770 ,
649 2718 724 2761 sed
738 2719 973 2774 potentiam
988 2722 1188 2773 negavit,
1213 2733 1397 2774 arguens
1416 2751 1428 2773 ,
1443 2722 1611 2763 irritam
1629 2721 1747 2764 reddi
1763 2734 1846 2763 non
1862 2733 1985 2776 posse
2001 2720 2231 2775 quamdam

131 2786 394 2828 sacramenti
418 2786 625 2828 rationem
644 2817 656 2836 ,
683 2787 728 2827 in
748 2799 834 2840 qua
848 2789 942 2828 tota
956 2788 1063 2829 insit
1089 2788 1226 2842 ipsius
1243 2792 1399 2829 natura
1415 2821 1426 2839 ‚
1444 2789 1620 2845 tametsi
1641 2790 1751 2830 ritus
1779 2789 1915 2831 debiti
1935 2788 2077 2830 desint
2091 2819 2102 2838 ‚
2121 2788 2237 2830 sicut

134 2864 196 2894 ex.
213 2866 274 2907 gr.
296 2853 491 2907 quamvis
517 2853 722 2896 Sacerdos
733 2858 952 2898 consecret
981 2855 1145 2909 absque
1170 2859 1325 2898 ornatu
1354 2868 1501 2908 sacro,
1527 2869 1677 2900 verum
1709 2860 2023 2899 sacramentum
2040 2856 2237 2907 conficit,

135 2919 363 2964 dummodo
391 2922 574 2964 materia
608 2933 703 2963 cum
734 2921 871 2964 forma
902 2924 1200 2978 conjungatur.
1221 2927 1327 2965 Cum
1354 2925 1488 2976 igitur
1515 2927 1671 2966 natura
1700 2923 1963 2966 matrimonii
1997 2923 2081 2964 sita
2114 2922 2236 2963 sitin

136 2990 287 3029 mutuo
307 3001 516 3031 consensu
544 2990 742 3032 sensibus
770 2991 982 3045 subJ‘ecto,
1015 2991 1241 3045 solumque
1255 2992 1530 3045 postulentur
1547 2992 1704 3046 reliqui
1726 2992 1837 3033 ritus
1866 2994 1943 3033 aut
1958 2990 2012 3031 ad
2040 2989 2234 3031 decorem

138 3057 214 3096 aut
237 3055 292 3096 ad
306 3057 614 3108 probationem,
631 3058 686 3099 ab
701 3069 848 3099 eorum
863 3059 1093 3109 vacuitate,
1110 3060 1356 3113 opponebat
1370 3060 1458 3112 ille,
1476 3060 1661 3115 conjugii
1680 3060 1768 3103 vim
1783 3058 1945 3101 auferri
1961 3071 2045 3099 non
2061 3069 2235 3111 posse...

190 3125 250 3164 Et
276 3121 384 3164 ibid.
403 3135 450 3165 η.
471 3125 535 3164 16.
555 3125 887 3178 Comprobavit,
917 3127 1112 3168 Ecclesiae
1131 3121 1196 3168 fas
1217 3139 1311 3169 esse
1335 3128 1545 3182 ejusmodi
1575 3127 1788 3170 connubia
1806 3127 1930 3167 irrita
1950 3125 2088 3167 facere
2106 3156 2119 3176 ,
2151 3136 2236 3166 non

139 3187 311 3242 quidem
327 3189 450 3231 irrito
466 3190 603 3233 redito
619 3195 839 3234 contractu
855 3223 866 3243 ,
881 3192 995 3235 unde
1010 3206 1094 3236 non
1115 3198 1230 3237 esset
1244 3195 1432 3248 amplius
1449 3183 1630 3237 materia
1646 3194 1799 3236 idonea
1814 3193 2078 3236 Sacramenti
2094 3224 2106 3245 ,
2125 3192 2239 3234 sicut

139 3256 313 3311 quidam
328 3257 619 3301 disscruerant
632 3274 642 3311 ;
659 3272 756 3301 nam
778 3265 1022 3304 contractus
1039 3263 1224 3318 conjugii
1245 3264 1359 3304 inter
1378 3263 1526 3306 fideles
1541 3295 1553 3314 ‚
1584 3275 1668 3304 non
1699 3261 1901 3316 praecedit
1915 3293 1926 3313 ,
1947 3262 2034 3303 imo
2061 3273 2137 3303 nec
2156 3259 2241 3301 dis-

140 3324 355 3378 tinguitur
387 3339 411 3368 a
445 3329 736 3377 sacramento,
760 3327 951 3382 adeoque
980 3329 1229 3372 facultatem
1246 3331 1422 3385 perinde
1438 3332 1557 3372 illius
1577 3343 1625 3373 ac
1639 3331 1769 3385 hujus
1788 3329 1904 3370 irriti
1925 3327 2135 3371 efficiendi
2154 3337 2238 3367 non

140 3404 234 3435 esse
246 3393 289 3433 in
301 3393 488 3436 Ecclesia
502 3426 514 3445 ,
529 3394 604 3436 sed
618 3407 743 3450 posse
758 3395 811 3438 ab
833 3409 882 3438 ea
898 3397 1072 3439 irritum
1096 3397 1213 3440 reddi
1233 3411 1454 3442 assensum
1466 3430 1478 3451 ‚
1496 3400 1572 3453 qui
1588 3396 1844 3440 antecedens
1858 3408 1986 3439 causa
2018 3398 2086 3438 est
2100 3394 2235 3449 ipsius

139 3464 397 3504 contractus.

193 3559 292 3610 Pag.
308 3558 402 3598 225.
424 3560 483 3598 Ex
503 3558 649 3600 codem
670 3572 819 3614 opere,
840 3560 916 3602 lib.
933 3564 1031 3612 XX,
1061 3573 1156 3617 cap.
1184 3564 1234 3615 4,
1269 3576 1310 3604 n.
1333 3565 1372 3604 1.

193 3640 299 3679 Cum
330 3638 381 3679 inv
402 3638 582 3694 reliquis
601 3640 797 3683 articulis
824 3642 1113 3685 consentirent
1147 3641 1437 3696 (Theoloyi),
1463 3641 1507 3682 in
1531 3640 1699 3681 duobus
1731 3634 2009 3679 dissidebant.
2041 3632 2238 3675 Asterum
