2508 4120
298 97 420 157 292
915 116 1238 156 ruci-nus
1285 118 1357 156 nn
1402 117 1780 159 nummolum.

1120 258 1534 314 PROPOSITIO
1575 263 1624 314 Ι.

418 405 618 462 Potest
664 401 939 462 Ecclesia
987 407 1344 462 constituere
1388 405 1823 484 impedimenta
1869 408 2335 473 Matrimonium

549 501 949 575 dirimentia,
995 522 1183 580 neque
1227 504 1297 560 in
1333 504 1412 561 iis
1458 504 1893 563 constituendis
1931 510 2187 564 erravit.

382 651 516 711 167.
564 653 650 710 De
680 650 798 711 fide
833 662 922 710 est
963 650 1083 710 haec
1117 652 1437 734 propositio
1459 697 1475 729 ,
1517 663 1584 711 ut
1621 663 1852 712 constat
1893 664 2022 713 tum
2067 675 2139 713 ex
2174 653 2461 718 adductis.

290 769 465 808 cann.
501 749 580 807 111
611 760 670 807 et
693 750 768 807 IV
807 748 1049 808 Concilii
1080 749 1446 824 Tridentini,
1485 760 1613 808 tum
1651 771 1723 809 ex
1755 749 1998 808 inferius
2034 749 2319 811 dicendis·
2351 755 2438 813 Ita

290 865 468 926 porro
498 849 619 924 ejus
653 846 963 907 veritatem
1001 843 1360 904 adstruimus
1395 867 1408 903 :

379 941 517 999 168.
571 941 707 1024 Ideo
734 945 906 1020 juxta
935 953 1251 1002 novatores
1277 941 1523 1001 Ecclesia
1558 942 1918 1002 constituere
1944 965 2066 1001 non
2100 953 2295 1024 potest
2322 944 2442 1003 im-

288 1039 637 1117 pedimenta
663 1038 1108 1097 Matrimonium
1147 1037 1464 1097 dirimenta
1487 1084 1503 1114 3
1549 1039 1686 1120 quia
1727 1039 2172 1098 Matrimonium
2197 1061 2318 1097 non
2350 1051 2440 1099 est

287 1141 773 1210 Sacramentum,
828 1133 932 1194 sed
974 1146 1307 1194 contractus
1364 1156 1527 1194 mere
1574 1134 1858 1193 naturalis
1905 1146 2082 1217 atque
2130 1134 2434 1217 politicus3

285 1235 451 1318 atqui
476 1255 548 1293 ex
577 1232 993 1292 demonstratis
1022 1231 1204 1313 (Cap.
1239 1232 1295 1305 Ι.,
1345 1233 1514 1313 Prop.
1546 1233 1603 1304 Ι,
1633 1252 1764 1312 pag.
1806 1231 1962 1309 204)
1997 1230 2437 1290 Matrimonium

285 1343 376 1391 est
391 1352 529 1390 vere
555 1340 614 1388 et
640 1330 878 1410 proprie
898 1329 1347 1387 Sacramentum
1369 1329 1549 1387 Novae
1582 1327 1765 1407 Legis,
1799 1329 1944 1406 Ergo
1973 1325 2221 1386 Ecclesia
2238 1337 2433 1410 potest

289 1427 648 1486 constituere
684 1423 1115 1506 impedimenta
1143 1424 1586 1483 Matrimonium
1617 1423 1974 1482 dirimentia.

369 1511 507 1580 169.
554 1522 718 1578 Hanc
754 1519 1188 1579 conclusionem
1220 1520 1460 1600 agnovit
1483 1519 1606 1601 ipse
1637 1518 1945 1587 CalvinUS‚
1979 1518 2078 1600 qui
2114 1529 2429 1599 propterea

282 1618 514 1700 scripsit
554 1639 566 1675 :
616 1617 734 1676 Ubi
766 1619 931 1674 enim
974 1619 1150 1675 semel
1181 1618 1490 1675 obtinuere
1535 1614 1912 1695 (Catholici)
1951 1616 2431 1674 Matrimonium

278 1736 396 1773 esse
433 1715 939 1782 Sacramentum,
983 1714 1402 1792 conjuqaliam
1446 1733 1780 1770 causarum
1815 1714 2207 1791 coynitionem
2251 1711 2339 1768 ad
2374 1731 2432 1770 se

280 1818 722 1869 contraxerunt
734 1851 755 1880 ,
779 1812 1005 1887 quippe
1026 1830 1116 1867 res
1139 1809 1485 1888 spiritualis
1508 1817 1640 1866 erat
1654 1811 1943 1886 profanis
1947 1807 2281 1886 judicibus
2307 1827 2430 1865 non

281 1907 662 1967 attrectanda
695 1905 806 1987 (l).
839 1905 992 1963 Hinc
1027 1926 1150 1962 non
1182 1903 1374 1963 solum
1402 1903 1690 1979 Christus,
1719 1903 1931 1962 Matth.
1964 1903 2098 1960 XIX
2119 1947 2135 1976 7
2166 1903 2344 1961 Maro.
2378 1903 2431 1960 X

282 2014 343 2063 et
367 2004 502 2062 Luc.
529 2002 658 2060 XVI
678 2046 694 2075 7
723 2001 930 2059 statuit
957 1999 1454 2083 impedimentum
1487 2002 1840 2080 ligaminis,
1876 2010 1934 2058 et
1958 1997 2071 2058 hoc
2107 1996 2427 2057 declaravit

280 2097 622 2179 ApostoluS,
654 2096 741 2153 uti
767 2096 1034 2177 superius
1073 2095 1329 2154 vidimus
1350 2141 1366 2170 ,
1401 2095 1505 2154 sed
1547 2106 1829 2175 praeterea
1864 2094 2130 2153 Christus
2168 2114 2302 2152 eam
2328 2093 2424 2151 fa-

279 2192 560 2252 cultatem
596 2190 856 2250 Ecclesiae
903 2211 1018 2250 suae
1059 2189 1257 2265 dedit,
1299 2189 1443 2248 dum
1485 2191 1537 2248 ei
1573 2189 1867 2249 commisit
1910 2190 2426 2247 Sacramentorum

279 2288 782 2370 dispensationem
808 2331 825 2361 ‚
867 2285 1175 2367 eidemque
1216 2285 1556 2344 facultatem
1607 2285 1742 2344 fecit
1791 2283 2126 2359 statuendi,
2177 2303 2306 2365 quae
2348 2283 2424 2342 ad

278 2382 623 2445 eorumdem
671 2382 1244 2442 administrationem
1282 2382 1621 2464 pertinent3
1662 2379 1986 2458 cujusmodi
2030 2379 2292 2461 profecto
2334 2391 2423 2439 est

278 2481 573 2543 declarare
602 2491 779 2562 atque
810 2490 1100 2555 statuere,
1137 2471 1409 2560 quaenam
1442 2478 1516 2536 sit
1544 2476 1802 2557 legitima
1841 2475 2187 2536 eorumdem
2220 2477 2423 2535 Sacra-

275 2590 616 2638 mentorum
646 2576 909 2636 materia.

367 2674 505 2733 170.
551 2675 673 2732 Hac
694 2671 941 2755 proinde
966 2682 1254 2753 potestate
1290 2692 1524 2753 semper
1557 2692 1658 2729 usa
1689 2669 1933 2728 Ecclesia
1961 2679 2049 2727 est
2075 2713 2091 2742 a
2131 2668 2253 2729 sive
2283 2688 2418 2726 cum

274 2768 628 2854 approbavit
650 2767 1041 2840 Matrimonia,
1068 2788 1195 2847 quae
1217 2766 1442 2846 legibus
1464 2764 1867 2845 imperialibus
1887 2763 2262 2837 vetabantur,
2293 2763 2417 2823 sive

273 2888 411 2926 cum
437 2866 602 2924 irrita
629 2863 946 2925 declaravit
972 2862 1345 2922 Matrimonia
1370 2860 1591 2941 legibus
1613 2861 2039 2940 imperatorum
2068 2870 2196 2916 tum
2225 2857 2415 2917 ethni-

239 3025 242 3029 ,
273 2984 475 3023 corum
512 2972 644 3020 tum
668 2960 1137 3019 Christianorum
1167 2956 1413 3041 probata
1442 2957 1555 3037 (2).
1597 2954 1906 3037 Apostolus
1927 3000 1943 3030 ,
1987 2956 2011 3013 Ι
2047 2954 2123 3013 ad
2163 2954 2292 3013 Cor.
2326 2956 2369 3012 V
2391 2999 2409 3029 ‚

273 3057 802 3121 excommunicavit
825 3077 959 3116 eum
977 3100 994 3130 ,
1027 3052 1397 3136 quihabebat
1421 3074 1669 3111 umorem
1684 3056 1890 3131 patris
1921 3054 2043 3110 sui.
2077 3053 2133 3110 S.
2151 3051 2412 3131 Ignatius

274 3159 353 3217 M.
383 3154 707 3216 universim
731 3151 962 3212 scribit:
996 3153 1175 3210 Decet
1186 3170 1317 3209 vero
1333 3194 1350 3227 ,
1382 3160 1453 3207 ut
1473 3151 1679 3229 sponsi
1703 3159 1758 3207 et
1779 3169 2006 3227 sponsoe
2028 3148 2098 3205 de
2120 3149 2410 3206 sententia

270 3253 567 3332 Episcopi
591 3253 941 3330 conjugium
966 3250 1245 3327 facian&
1282 3267 1396 3326 quo
1419 3250 1655 3325 nuptioe
1681 3250 1809 3303 sint
1836 3244 2171 3303 secundum
2203 3245 2412 3303 Domi-

270 3369 459 3422 num,
517 3357 573 3405 et
627 3368 750 3406 non
802 3344 1136 3405 secandum
1190 3343 1583 3422 cupiditatem
1647 3339 1760 3421 (3).
1810 3341 1867 3398 S.
1898 3341 1933 3398 J
1938 3340 2166 3398 ustinus
2213 3340 2292 3398 M.
2345 3338 2408 3396 in

335 3537 404 3601 (l)
445 3532 615 3584 Instit.
649 3536 735 3586 lib.
771 3551 817 3586 [ν
843 3572 858 3597 ,
891 3553 989 3601 cap.
1013 3531 1253 3601 19‚§37.
1387 3550 1452 3594 ιν,
1486 3530 1513 3597 ἓ
1546 3531 1597 3581 3.

343 3619 408 3683 (2)
443 3617 541 3668 cfr.
574 3617 824 3681 Leuillier‚
858 3635 937 3683 op.
981 3620 1063 3667 cit.
1099 3614 1297 3664 Observ.
1457 3615 1523 3680 (3)
1565 3615 1623 3666 In
1650 3613 1818 3692 Epist.
1844 3614 1909 3664 ad
1938 3609 2193 3678 Polycarp.
2227 3627 2327 3676 cap.
2350 3607 2400 3659 5:
