2508 4120
307 82 425 140 286

939 97 1260 136 TRAGTATUS
1305 100 1372 134 DE
1418 101 1792 141 MATulluomo.

306 249 565 307 Marcum
593 246 727 302 Ant.
759 241 833 300 de
855 241 1119 300 Dominis
1150 261 1349 322 presse
1371 251 1602 300 secutus
1625 253 1714 301 est
1732 287 1748 316 ,
1783 243 1902 302 imo
1927 266 2138 328 magna
2160 273 2230 311 ex
2258 264 2425 333 parte

307 340 610 421 descripsit
643 339 938 417 Launojus
965 337 1027 395 in
1054 358 1231 419 opere
1252 383 1267 411 .‚
1298 335 1706 418 quodbedidit.,
1754 341 1846 402 De
1887 346 2056 421 reyia
2103 349 2172 404 in
2199 350 2427 408 Matri.

305 440 576 495 moni-um
602 444 899 514 potestate,
918 455 1075 492 anno
1105 433 1283 491 1672.
1309 434 1631 493 Constituit
1644 456 1817 516 porro
1833 437 2152 516 LaunojUS,
2183 440 2423 503 faculta-

306 545 425 590 tem
468 530 762 591 statuendi
792 528 1220 611 impedimenta
1254 531 1700 590 Matrimonium
1735 531 2066 595 dirimentia
2113 534 2256 594 adeo
2290 559 2429 618 pro·-

302 627 431 709 prio
474 637 535 685 et
572 627 772 688 nativo
808 631 944 704 jure
995 626 1071 684 ad
1116 625 1267 684 solos
1315 628 1496 705 Reges
1537 637 1598 685 et
1641 627 1937 709 Principes
1974 630 2270 711 pertinere
2297 676 2312 706 a
2362 644 2428 692 ut

304 721 550 782 Ecclesia
592 743 721 781 eam
751 743 1019 783 exercere
1052 743 1175 780 non
1208 722 1390 803 possit
1421 722 1531 780 nisi
1559 722 1657 782 vel*
1684 724 2064 805 usurpatione
2107 726 2201 785 vel
2225 726 2427 787 indul-

302 819 495 899 gentia
532 840 597 878 ac
633 819 1003 878 concessione
1038 817 1378 899 Principum
1405 819 1530 899 (1);
1563 839 1697 877 cum
1733 823 1873 879 'vero
1907 820 2425 898 animadverterit,

304 914 629 975 Concilium
657 915 1076 975 Tridentinum
1103 914 1366 974 docuisse
1384 959 1399 989 ‚
1426 935 1562 974 sess.
1587 916 1788 989 XXIV,
1824 937 1953 976 can.
1998 908 2105 994 1V3
2142 940 2319 1000 quem
2343 920 2429 978 in-

301 1010 477 1071 ferius
509 1010 777 1071 dabimus
803 1057 819 1087 a
846 1011 999 1070 hanc
1033 1021 1387 1093 potestatem
1410 1010 1671 1071 Ecclesiae
1699 1024 2029 1094 competere
2051 1012 2158 1072 sub
2184 1014 2432 1073 anathe-

300 1108 472 1166 matis
507 1129 684 1191 poena
710 1153 725 1182 ,
765 1129 920 1168 novo
964 1107 1140 1189 plane
1192 1127 1258 1165 ac
1296 1118 1468 1165 antea
1512 1107 1775 1167 inaudito
1812 1110 2089 1188 figmento
2128 1110 2433 1169 contendit

301 1203 507 1263 doctor
545 1203 637 1262 hic
666 1203 1029 1278 ParisienSiS‚
1057 1201 1429 1263 Tridentinos
1456 1204 1653 1263 Patres
1682 1205 1965 1265 Ecclesiae
1989 1207 2229 1266 nomine
2253 1208 2431 1286 Reges

302 1321 367 1360 ac
396 1299 695 1382 Principes
724 1300 1099 1380 significasse.

387 1396 524 1457 158.
577 1397 856 1470 Quamvis
881 1396 954 1455 ab
973 1397 1143 1455 initio
1166 1416 1409 1455 erronea
1436 1396 1675 1474 Launoji
1700 1395 1962 1457 doctrina
1992 1420 2145 1480 pene
2160 1397 2430 1476 jacuerit,

301 1493 420 1550 imo
451 1493 661 1552 acriter
694 1492 873 1551 fuerit
892 1493 1235 1573 impugnata
1253 1492 1340 1570 (2)
1362 1517 1377 1565 ς
1403 1503 1603 1573 postea
1627 1503 1850 1567 tamen,
1875 1494 1921 1552 si
1938 1493 2288 1574 peculiarem
2310 1498 2432 1572 ejus

303 1589 541 1648 canonis
576 1588 773 1669 quarti
805 1587 1138 1647 Tridentini
1167 1587 1719 1669 interpretationem
1757 1590 2007 1672 excipias
2028 1635 2043 1663 ,
2076 1589 2434 1672 propugnari

302 1682 588 1765 paulatim
623 1683 839 1765 coepit,
876 1683 1069 1743 seculo
1104 1684 1430 1764 praesertim
1464 1683 1692 1765 elap50‚
1731 1706 1865 1744 cum
1895 1685 2156 1744 studium
2184 1687 2433 1746 Ferveret

303 1778 698 1837 ecclesiasticae
732 1779 1010 1860 potestati
1054 1779 1389 1841 adversum.
1431 1780 1562 1838 Rati
1598 1774 1881 1838 nonnulli
1914 1780 2186 1860 Theologi
2223 1790 2282 1839 et
2322 1782 2431 1839 Ca·

303 1874 550 1935 nonistae
570 1919 587 1950 ,
611 1874 936 1936 Concilium
967 1875 1029 1932 in
1069 1874 1171 1934 illo
1209 1896 1431 1934 canone
1457 1886 1660 1956 aperte
1682 1898 1802 1935 non
1827 1875 2150 1936 declarasse
2171 1922 2186 1951 ,
2231 1888 2433 1936 utrum

377 2067 438 2132 (l)
477 2065 574 2115 Art.
606 2068 667 2127 iv,
698 2083 794 2130 cap.
814 2065 843 2113 3
867 2099 883 2128 ‚
903 2066 1017 2114 edit.
1049 2068 1129 2114 cit.
1151 2082 1202 2130 p.
1226 2064 1326 2131 749

304 2160 353 2200 et
384 2166 518 2215 seqq.

375 2232 438 2296 (2)
478 2230 705 2295 Opposuit
739 2232 891 2278 statim
939 2229 1155 2278 adversus
1200 2228 1326 2276 Lau-

306 2318 471 2381 nojum
487 2313 628 2362 Dom.
650 2311 858 2361 Galesius
892 2312 1183 2361 Rubensium
1216 2311 1327 2376 Epi-

311 2416 477 2464 scopus
527 2415 605 2462 op.
644 2395 996 2444 Ecclesiastica
1050 2398 1107 2443 in
1151 2393 1330 2444 Matri-

306 2484 523 2531 monium
545 2489 752 2547 potestas
770 2518 784 2540 ‚
817 2479 1109 2547 Apoloqema
1134 2496 1225 2545 pro
1250 2496 1331 2527 ve-

308 2565 576 2613 tustissima
604 2571 648 2611 et
682 2562 918 2612 catholica
951 2562 1138 2629 dejure
1163 2560 1331 2609 Eccle-

307 2648 394 2694 siae
440 2648 496 2693 in
539 2645 818 2694 sanciendis
883 2645 1065 2710 quibus
1110 2644 1332 2709 fidelium

308 2727 691 2777 Matrimonium
726 2725 1096 2792 impedientibus
1128 2734 1173 2773 et
1207 2725 1334 2773 diri-

310 2809 548 2859 mentibus
567 2845 583 2870 ,
612 2810 772 2858 Romae
797 2807 942 2875 1677.
975 2807 1063 2856 Cui
1095 2808 1334 2875 Launojus

311 2894 531 2959 peculiari
588 2892 745 2941 libello
817 2891 1089 2956 respondere
1140 2900 1333 2937 conatus

313 2986 378 3025 est
402 3013 416 3036 ‚
453 2978 530 3024 cui
575 2977 649 3024 tit.
705 2974 918 3023 Ioannis
964 2972 1182 3036 Launqji
1214 2988 1330 3019 con-

312 3067 550 3107 tentorum
587 3060 644 3105 in
675 3056 796 3105 libro
844 3055 1032 3104 Galesii
1065 3064 1332 3103 erratorum

313 3141 461 3190 index
479 3139 875 3207 locupletissimus
891 3176 907 3197 ,
923 3141 1040 3187 inter
1053 3156 1162 3203 opp.
1184 3137 1330 3186 Laun.

314 3224 403 3272 loc.
422 3226 502 3273 cit.
523 3241 625 3289 pag.
643 3220 742 3271 883
761 3222 819 3270 ad
842 3237 981 3280 1000,
1010 3220 1154 3268 Paris,
1184 3219 1330 3288 1677.

319 3304 543 3370 Opposuit
587 3316 803 3370 praeterea
847 3302 948 3352 Jac.
994 3302 1193 3351 Leullier
1247 3304 1333 3350 do-

316 3395 415 3435 ctor
442 3386 724 3436 Sorbonicus
757 3397 896 3452 atque
927 3383 976 3434 S.
1029 3384 1251 3433 Ludovici
1283 3388 1333 3432 in

318 3467 472 3516 insula
503 3468 744 3517 Parisiensi
780 3467 1008 3535 parochus
1041 3485 1117 3531 op.
1152 3469 1231 3515 cit.
1265 3463 1336 3513 In

320 3547 499 3597 librum
525 3551 751 3614 maqistri
771 3550 989 3616 Launqji
1007 3547 1207 3614 theologi
1232 3548 1337 3597 Pa-

323 3633 579 3695 risiensis,
609 3634 695 3698 qui
716 3634 1001 3682 inscribitur
1043 3651 1056 3682 ε
1097 3633 1248 3697 Reyia
1286 3633 1341 3679 in

1407 2062 1783 2114 Matrimonium
1803 2076 2012 2132 potestas
2033 2107 2046 2129 ‚
2079 2070 2432 2118 ohservationes

1408 2156 1598 2196 auctore
1612 2149 2115 2213 theoloquarisiensi,
2132 2153 2273 2201 Paris.
2288 2150 2430 2219 1678.

1411 2228 1499 2277 Hic
1516 2241 1677 2295 praeter
1691 2234 1934 2281 innumera
1951 2234 2284 2298 propemodum
2305 2233 2431 2283 Lau·

1411 2315 1509 2378 noji
1542 2315 1784 2362 ratiocinia
1808 2353 1821 2375 ‚
1850 2332 1951 2380 quae
1982 2316 2094 2363 falsa
2126 2318 2431 2382 deprehendit

1414 2410 1615 2459 quaeque
1638 2397 1933 2458 emendavit,
1964 2399 2184 2457 ostendit,
2217 2409 2266 2446 ut
2292 2399 2430 2464 paulo

1415 2487 1522 2526 ante
1555 2480 1797 2526 innuimus
1819 2517 1831 2539 ‚
1863 2481 2068 2544 plurium
2090 2481 2148 2529 ab
2181 2498 2234 2529 6ο
2270 2491 2430 2530 aucto-

1415 2578 1522 2607 rum
1567 2570 1719 2608 textus
1768 2562 1905 2610 fuisse
1944 2563 2217 2628 depravatos
2241 2600 2254 2622 ,
2306 2565 2434 2611 etin

1417 2643 1619 2691 alienum
1634 2661 1820 2691 sensum
1847 2645 2071 2694 violenter
2103 2645 2302 2694 detortos
2321 2680 2335 2705 ‚
2355 2654 2401 2691 to
2420 2670 2433 2679 -

1417 2735 1611 2791 tumque
1646 2726 1739 2774 fere
1782 2744 1808 2773 a
1852 2726 2062 2792 Launojo
2094 2727 2345 2791 expilatam
2384 2735 2431 2774 et

1415 2808 1744 2870 transcriptum
1805 2806 2142 2871 Spalatensinm
2191 2807 2431 2872 quondam

1415 2891 1665 2935 antistitem
1691 2926 1704 2947 ‚
1750 2889 1918 2937 deinde
1960 2890 2227 2938 haereticum
2264 2927 2277 2949 ‚
2316 2908 2428 2955 apo-

1413 2978 1578 3017 statem
1609 2969 1753 3018 Marc.
1795 2970 2051 3018 Antonium
2100 2972 2156 3020 de
2193 2971 2429 3022 Dominis.

1414 3051 1616 3100 Demum
1647 3055 1697 3100 in
1742 3052 2005 3119 Launojum
2039 3055 2268 3103 calamum
2307 3058 2435 3104 acuit

1417 3133 1664 3184 Gerbesius
1688 3136 1849 3186 doctor
1877 3140 2045 3203 pariter
2081 3138 2362 3186 Sorbonicus
2381 3140 2432 3186 in

1417 3234 1493 3283 op.
1535 3217 1698 3266 Traite
1728 3218 1796 3267 du
1818 3223 2027 3285 pouvoir
2064 3221 2120 3269 de
2154 3218 2349 3284 l'quise
2392 3228 2437 3267 et

1420 3300 1499 3349 des
1518 3301 1716 3366 princes
1754 3317 1842 3348 sur
1883 3300 1947 3348 les
1991 3301 2342 3368 empecltemens
2371 3301 2437 3348 du

1417 3385 1631 3447 mariaqe
1655 3421 1669 3444 ‚
1699 3382 1824 3432 Paris
1850 3384 1992 3450 1690.
2025 3384 2094 3434 De
2126 3383 2318 3442 Thiers‚
2357 3399 2437 3446 pa-

1419 3467 1526 3514 riter
1575 3465 1772 3534 Launoji
1822 3468 2140 3533 impugnatore
2171 3503 2185 3529 ,
2231 3465 2437 3530 superius

1421 3547 1559 3597 verba
1593 3549 1804 3598 fecimus.
