2612 4146
270 181 305 238 6
884 197 1210 237 rmum-rus
1253 197 1322 233 m:
1368 195 1779 235 maurannus·

262 353 594 426 repugnent
619 386 635 415 ,
684 363 876 424 neque
906 340 1024 399 ulla
1064 348 1286 419 queant
1323 335 1448 395 loca
1485 338 1918 419 Scripturarum
1942 341 2230 422 proferri,
2261 364 2393 424 quae

270 437 686 498 limitationem
734 434 1037 518 potestatis
1073 430 1376 491 inducant.
1432 430 1547 491 Sed
1585 455 1779 515 neque
1821 457 1892 495 ex
1933 435 2246 497 traditione
2291 450 2393 498 aut

265 555 441 593 sensu
473 531 735 592 Ecclesiae
773 527 1057 608 ejusmodi
1095 525 1367 586 limitatio
1409 528 1534 586 erui
1577 539 1806 610 potest,
1851 535 2031 610 cujus·
2057 532 2250 614 potius
2288 554 2397 592 au-

266 631 503 690 ctoritas
533 640 592 687 et
619 626 813 710 praxis
851 623 1210 682 contrarium
1239 624 1517 684 evincunt
1538 670 1553 699 a
1585 635 1650 682 ut
1675 646 1812 685 mox
1841 628 2217 688 ostendemus
2241 655 2255 704 ς
2285 651 2395 689 ne-

264 746 379 807 que
413 724 664 804 denique
692 742 761 779 ex
799 720 1026 778 ratione
1047 764 1062 794 7
1105 741 1237 801 quae
1272 719 1501 778 nullam
1526 721 1588 779 in
1621 720 1729 780 hac
1756 725 2122 784 concessione
2160 727 2395 787 invenit

264 816 715 902 repugnantiam
742 860 757 889 ,
797 837 932 874 eum
961 836 993 874 a
1032 814 1150 873 sola
1190 814 1636 895 Deivoluntate
1667 838 1731 876 ea
1773 818 2047 899 pendeat.
2085 820 2244 898 Quin
2274 823 2395 882 imo

260 935 463 975 omnes
488 913 634 991 juris
672 910 885 992 regulae
916 910 1211 986 clamant,
1250 912 1478 970 etiamsi
1526 912 1703 973 verba
1754 913 1931 973 dubia
1980 928 2212 992 essent,
2258 939 2394 978 cum

262 1021 466 1090 agatur
479 1008 553 1068 de
585 1009 782 1067 favore
802 1053 817 1083 2
845 1007 905 1065 in
924 1007 1281 1089 amplissima
1298 1007 1718 1087 significatione
1742 1030 1807 1069 ea
1821 1032 1943 1070 esse
1971 1010 2350 1093 intelligenda
2375 1060 2391 1091 .,

257 1104 448 1165 multo
475 1126 616 1164 vero
650 1103 831 1184 magis
853 1149 869 1179 .,
906 1104 953 1162 si
990 1104 1305 1163 clarissima
1335 1102 1514 1164 verba
1539 1104 1641 1163 illa
1667 1106 1788 1165 sint
1805 1151 1823 1182 ,
1854 1118 2030 1188 prout
2053 1121 2192 1168 sunt
2218 1109 2395 1172 verba

263 1202 507 1263 Christi.
541 1202 707 1280 ErgO.

345 1298 443 1358 10.
497 1296 777 1356 Addimus
809 1318 823 1353 z
855 1295 968 1368 Qui
996 1293 1070 1354 ab
1098 1294 1210 1354 alio
1247 1294 1455 1354 domus
1489 1294 1679 1356 claves
1710 1298 1932 1379 accepit
1970 1320 2039 1358 eo
2069 1301 2217 1373 fine,
2243 1303 2395 1361 utin

263 1393 508 1453 domum
547 1392 887 1475 quempiam
932 1391 1207 1451 admittat
1231 1437 1248 1468 a
1286 1392 1396 1452 hoc
1430 1393 1559 1474 ipso
1606 1392 1943 1454 facultatem
1979 1397 2196 1479 accepit
2228 1399 2395 1458 eitius

266 1501 370 1548 aut
403 1490 586 1548 serius
627 1510 764 1547 eum
801 1488 862 1545 in
897 1487 1142 1547 domum
1179 1487 1626 1563 introducendi,
1677 1488 1975 1550 obstacula
2015 1493 2063 1551 si
2105 1514 2232 1575 quae
2276 1495 2396 1554 sint

264 1583 562 1659 tollendo7
593 1604 719 1665 quae
750 1588 871 1662 ejus
895 1585 1221 1663 ingressum
1240 1584 1595 1667 impediunt.
1627 1584 1779 1644 Talis
1798 1609 1973 1668 porro
1988 1600 2076 1647 est
2098 1601 2354 1670 potestas
2376 1636 2392 1666 .,

266 1701 442 1762 quam
483 1701 589 1761 per
623 1679 873 1738 clavium
903 1679 1313 1763 metaphoram
1361 1681 1649 1763 Apostolis
1680 1682 1931 1742 contulit
1962 1684 2245 1744 Christus,
2292 1687 2396 1745 Ast

269 1778 425 1835 inter
458 1788 648 1835 cetera
676 1775 1100 1852 impedimenta
1121 1823 1136 1852 a
1174 1799 1304 1859 quae
1345 1777 1613 1837 fidelibus
1634 1800 1862 1838 moram
1887 1780 2161 1858 injiciunt
2195 1783 2394 1862 ingre-

262 1870 463 1931 diendi
487 1861 734 1951 regnum
769 1871 1050 1932 coelorum
1074 1918 1090 1947 ‚
1126 1884 1213 1932 est
1231 1873 1407 1934 etiam
1430 1895 1621 1955 poenae
1637 1875 1977 1958 temporalis
1993 1889 2223 1951 reatus3
2260 1900 2397 1959 ergo

265 1977 324 2028 et
375 1967 534 2026 hunc
573 1966 822 2027 tollendi
869 1967 1209 2028 facultatem
1252 1990 1362 2053 per
1403 1968 1655 2032 clavium
1700 1971 2082 2034 traditionem
2133 1973 2399 2034 Christus

263 2062 553 2145 Apostolis
581 2062 847 2123 contulit.

351 2160 445 2218 11.
491 2160 744 2218 Demum
779 2180 793 2216 ε
829 2160 971 2218 Tam
1000 2159 1114 2218 late
1145 2170 1308 2240 patet
1341 2161 1680 2241 significatio
1706 2163 1861 2223 vocis
1884 2165 2179 2241 solvendi,
2220 2187 2402 2247 quam

267 2263 434 2337 patet
467 2276 581 2314 vox
621 2256 865 2334 liyandi
902 2259 969 2314 in
1005 2253 1271 2313 adductis
1314 2255 1529 2315 Christi
1578 2257 1803 2332 verbis3
1848 2258 1951 2319 sed
1996 2281 2111 2342 vox
2163 2263 2404 2340 liqandi

267 2371 394 2410 sese
433 2350 700 2409 extendit
748 2350 924 2427 etiam
964 2350 1037 2409 ad
1080 2372 1286 2431 poenas
1340 2352 1691 2433 temporales
1730 2354 2141 2414 satisfactorias
2199 2357 2405 2435 injun-

269 2445 522 2526 gendas3
563 2467 699 2526 ergo
732 2456 791 2506 et
832 2467 949 2507 vox
991 2448 1289 2518 solvendi,
1324 2458 1392 2505 ut
1436 2448 1690 2528 perfecta
1730 2449 2038 2510 antithesis
2083 2450 2404 2531 subsistat,

269 2532 542 2622 protendi
578 2540 756 2601 debet
795 2541 871 2600 ad
904 2541 1117 2600 harum
1155 2563 1469 2624 poenarum
1504 2544 1932 2604 remissionem.

356 2638 451 2697 12.
503 2638 692 2709 Quare
731 2636 1062 2718 ApostoluS,
1087 2638 1373 2716 ejusmodi
1401 2638 1759 2720 amplissima
1777 2640 2050 2701 facultate
2085 2643 2363 2722 praeditus
2384 2689 2401 2719 7

273 2743 403 2790 tum
430 2731 825 2791 incestuosum
857 2733 1265 2807 Corinthium,
1307 2735 1331 2792 I
1376 2735 1507 2793 Cor.
1549 2736 1629 2807 V,
1667 2735 1704 2793 4
1751 2746 1810 2794 et
1852 2735 1920 2810 5,
1949 2736 2234 2814 judicavit
2262 2760 2404 2797 eum

204 2900 205 2906 ἵ
272 2830 491 2886 virtute
519 2829 781 2887 Domini
807 2831 1004 2886 nostri
1025 2829 1173 2888 Jesu
1194 2829 1430 2886 tradere
1453 2830 1696 2887 Satanoe
1715 2834 1785 2888 in
1806 2833 2125 2890 interitum
2152 2836 2362 2891 carnis
2373 2876 2398 2906 ,

196 2914 202 2919 ¹
274 2932 345 2981 ut
367 2926 624 3001 spiritus
655 2927 856 2980 salvus
894 2926 974 2981 sit
1004 2927 1073 2981 in
1112 2923 1209 2980 die
1242 2926 1494 2982 Domini
1530 2924 1617 2983 Ν.
1663 2925 1723 2984 J.
1771 2926 1833 2985 G.
1867 2951 1883 2999 ς
1943 2937 2071 2984 tum
2111 2949 2268 2987 anno
2306 2929 2401 2989 vix

276 3016 546 3099 expleto,
598 3017 933 3099 impositam
973 3019 1386 3100 poenitentiam
1410 3064 1426 3093 ,
1473 3040 1859 3104 quaecumque
1892 3021 2132 3081 demum
2170 3045 2235 3082 ea
2273 3023 2403 3084 fue—

276 3115 355 3172 rit
403 3115 541 3196 (1),
591 3113 781 3174 eidem
809 3114 1117 3191 relaxavit,
1148 3115 1492 3194 rescribenS‚
1524 3117 1575 3176 11
1612 3119 1742 3176 Cor.
1792 3119 1872 3195 11,
1914 3119 1949 3177 6
1990 3141 2004 3177 t
2042 3121 2272 3199 Sufficit
2307 3124 2407 3180 illa·

264 3200 617 3290 objurgatio
653 3211 812 3285 laec,
848 3233 983 3291 quae
1012 3212 1087 3291 fit
1130 3235 1167 3271 a
1203 3214 1492 3292 pluribus
1505 3257 1529 3286 ,
1564 3217 1654 3272 ita
1689 3223 1758 3272 ut
1782 3235 1812 3273 e
1853 3221 2160 3275 contrario
2202 3222 2401 3298 mayis
2439 3274 2456 3288 ‚

346 3429 423 3494 (1)
451 3430 541 3479 Alii
557 3434 681 3481 enim
697 3433 832 3483 verba
850 3432 1307 3499 ApostolitTradere
1390 3436 1448 3485 de
1482 3439 1962 3487 excommunicatione
1994 3476 2007 3498 ‚
2027 3448 2081 3487 ut
2114 3440 2210 3488 fere
2239 3456 2399 3489 omnes

279 3509 481 3561 Satanoe
504 3515 560 3560 in
575 3514 825 3563 interitum
846 3518 1033 3577 carnis,
1061 3528 1306 3582 exponunt
1387 3518 1558 3567 Latini.
1589 3519 1688 3568 Csr.
1718 3520 1869 3569 Estius
1887 3557 1900 3579 ,
1926 3520 2189 3573 Comment.
2207 3525 2257 3571 in
2273 3522 2402 3570 hunc

283 3593 343 3642 de
378 3595 605 3647 daemonis
639 3601 883 3648 vexatione
905 3635 920 3659 ‚
958 3609 1039 3649 aut
1062 3600 1213 3648 morbi
1233 3602 1302 3650 af·
1384 3598 1475 3651 loc.
1505 3611 1550 3651 et
1570 3600 1790 3652 Bernard.
1819 3620 1845 3652 a
1883 3604 2092 3655 Piconio.

293 3675 498 3729 flictione
522 3714 538 3738 ‚
561 3687 613 3728 ut
628 3689 799 3730 veteres
813 3683 943 3747 graeci
959 3682 1165 3750 plerique
1184 3698 1199 3747 ;
1219 3682 1298 3732 alii
