2508 4120
2043 146 2161 206 335

363 178 486 218 CAP.
536 179 619 215 111.
667 177 738 215 DE
780 173 1178 212 IMPEMMENTIS
1220 170 1569 211 MATRIMOMI
1596 193 1610 221 5
1657 169 1776 207 ETC.

122 322 265 383 234.
314 323 555 400 Quaqua
588 319 760 399 igitur
804 336 1002 377 versus
1051 324 1346 396 spectetur
1402 311 1798 372 controversia
1837 310 1949 370 ista
1972 355 1988 385 7
2040 312 2164 372 sive

43 420 313 480 intimam
350 415 435 475 rei
469 425 744 473 naturam
774 433 846 471 ex
881 407 1098 470 Christi
1140 407 1520 489 dispositione
1563 405 2001 488 expendamus»,
2041 406 2164 466 sive

45 526 284 575 constan
294 524 411 571 tem
439 508 695 570 Ecclesiae
715 505 1044 566 doctrinam
1066 513 1126 562 et
1141 503 1374 584 praxim
1389 546 1406 576 ,
1434 501 1557 562 sive
1575 500 1816 561 demum
1831 502 2165 581 gravissima

47 631 172 692 quae
203 610 266 668 in
294 603 757 668 adversariorum
785 598 1096 683 hypothesi
1126 597 1470 657 exoriuntur
1497 597 1893 673 incommoda,
1914 608 2164 673 constat,

48 706 155 765 soli
180 701 442 765 Ecclesiae
470 705 566 777 jus
601 707 941 778 competere
978 691 1375 753 constituendi
1412 691 1839 773 impedimenta
1863 695 2171 754 Matrimo-

48 802 215 862 nium
244 794 581 858 dirimentia
602 839 618 867 ‚
656 813 766 852 nec
800 789 917 850 ulla
951 788 1178 848 ratione
1209 779 1542 868 competere
1575 809 1746 870 posse
1783 789 1960 848 seculi
2000 789 2173 849 Prin-

50 893 274 978 cipibus
294 938 310 968 ,
347 902 522 974 prout
543 887 853 950 ostendere
880 882 1050 944 nobis
1076 882 1514 965 proposuimus.

130 989 271 1048 235.
318 990 486 1047 Nunc
507 984 748 1045 demum
767 979 946 1055 addo‚
971 979 1124 1038 hanc
1141 977 1472 1038 doctrinam
1501 989 1842 1039 constanter
1865 979 2175 1040 tradidisse

53 1098 113 1147 et
146 1086 206 1144 in
244 1082 472 1166 praxim
500 1079 809 1140 deduxisse
850 1078 1144 1135 Romanos
1179 1074 1519 1150 Pontifices,
1562 1084 1630 1133 ut
1671 1085 1838 1156 patet
1878 1097 1951 1135 ex
1986 1078 2175 1136 Bene-

53 1181 209 1240 dicto
242 1179 370 1238 XIV
413 1175 628 1259 passim
657 1174 786 1255 (1),
828 1172 930 1232 Pio
957 1172 1029 1230 VI
1070 1170 1160 1249 (2)
1182 1214 1198 1244 ‚
1236 1170 1337 1228 Pio
1370 1171 1499 1228 VIII
1530 1168 1652 1250 (3),
1682 1172 1854 1250 Greg.
1885 1173 2014 1231 XVI
2046 1171 2172 1252 (4),

51 1288 230 1358 atque
258 1295 330 1336 ex
369 1271 658 1353 responsis
695 1269 847 1330 datis
875 1290 908 1327 a
937 1263 1481 1346 congregationibus
1506 1266 1780 1326 Romanis
1805 1266 1915 1346 (5).

128 1521 193 1583 (1)
231 1518 482 1566 Praesertim
497 1513 569 1564 De
583 1514 781 1580 Synodo
806 1514 960 1562 dioec.
988 1513 1073 1561 lib.

56 1617 136 1648 vin
158 1636 172 1659 ,
207 1616 313 1664 cap.
356 1614 443 1655 12,
487 1616 539 1645 n.
567 1594 633 1656 6,
665 1596 747 1645 ubi
783 1596 961 1661 prolata
986 1611 1074 1642 no-

59 1681 178 1729 vella
215 1695 383 1728 mxxxix
428 1679 595 1728 Leonis
637 1678 860 1743 Imperat.
905 1676 1034 1725 addit
1059 1689 1071 1723 :

60 1763 248 1812 Verum
275 1760 375 1808 haec
396 1761 671 1808 constitutio
690 1796 703 1818 ‚
734 1775 846 1807 cum
873 1774 903 1806 a
922 1756 1075 1806 Priu-

57 1845 163 1909 cipe
188 1842 313 1890 laico
334 1841 608 1907 prodierit,
650 1856 748 1888 nou
769 1840 932 1905 potuit
958 1838 1077 1886 Ma-

60 1926 283 1972 trimonii
361 1922 657 1971 validitatem
713 1920 870 1986 quoad
915 1919 1080 1984 sorum

58 2006 362 2054 conscientia?
394 2005 680 2069 iufriuqere.
711 2002 767 2050 Et
787 2001 984 2050 Constit.
1014 2018 1078 2060 ιι,

65 2090 170 2137 data
213 2089 274 2137 ad
315 2087 570 2136 Henricum
612 2086 849 2135 Cardinal.
903 2084 1082 2133 Ducem

64 2169 398 2219 Eboracensem
417 2205 431 2229 ,
463 2168 537 2216 die
567 2185 601 2235 9
631 2167 767 2216 Febr.
799 2184 877 2215 an.
918 2163 1046 2231 1749
1067 2202 1080 2226 ,

66 2252 146 2300 ubi
176 2251 258 2318 §7
290 2252 490 2316 loquens
520 2251 578 2299 de
613 2250 714 2315 lege
746 2248 836 2298 lata
862 2247 1081 2319 abylmp.

66 2334 347 2395 Theodosio,
373 2353 463 2400 qua
477 2336 648 2400 nuptiae
667 2336 787 2382 iuter
801 2333 1085 2382 Christianos

61 2428 114 2466 ·et
136 2416 161 2464 J
168 2417 319 2464 udaeos
338 2417 680 2465 interdicuntur
701 2454 715 2477 ‚
739 2419 802 2465 ait
843 2434 856 2465 ε
897 2414 1084 2463 Verum

67 2497 178 2545 duce
193 2497 271 2545 hic
285 2506 541 2545 occurrunt
555 2496 851 2562 difficultates
867 2516 881 2542 :
892 2498 1082 2561 prima,

68 2578 194 2644 quod
210 2577 309 2627 hoec
337 2578 445 2638 leet,
462 2587 620 2643 utpote
651 2595 681 2625 a
703 2577 830 2627 laico
852 2576 1088 2642 Principe

64 2661 260 2709 condita
281 2697 295 2724 ,
312 2660 499 2709 nullam
517 2660 687 2708 habere
703 2660 803 2707 vim
831 2661 887 2706 iu
909 2655 1089 2706 Matri-

69 2744 250 2791 moniis
296 2742 428 2791 debet
467 2780 480 2802 ‚
526 2752 615 2790 etc.
662 2742 804 2808 idque
848 2741 1091 2789 coufirmat
1140 2735 1143 2739 ⁸

69 2827 338 2874 auctoritate
363 2824 494 2874 Estii.
520 2823 618 2874 Gfr.
639 2827 738 2890 ejus
755 2821 948 2870 Bullar.
970 2831 1087 2870 tom.

71 2923 153 2963 ul,
189 2924 291 2972 pag.
315 2905 370 2956 8.

142 2988 208 3053 (2)
245 2988 301 3037 Iu
328 2989 418 3039 litt.
458 2988 553 3037 dat.
583 2988 642 3037 ad
670 2988 949 3053 Episcopum
991 2986 1091 3036 Mo-

75 3069 246 3119 tulens.
278 3069 353 3119 die
386 3069 450 3119 16-
470 3069 596 3137 Sept.
628 3068 755 3136 1788
781 3108 795 3132 ,
823 3070 880 3119 de
913 3069 1091 3137 quibus

78 3160 253 3215 postea.

146 3233 214 3298 (3)
247 3234 302 3282 In
341 3234 614 3300 Eucyclica
658 3250 723 3301 29
763 3235 873 3301 Maji
921 3232 1085 3302 1829,

78 3318 128 3363 in
164 3334 256 3382 qua
300 3317 496 3366 affirmat
526 3356 540 3378 ,
596 3316 944 3366 Matrimonium
994 3334 1092 3366 uon

78 3397 291 3446 humana
305 3407 491 3447 tautum
512 3416 570 3448 em
586 3398 681 3465 leqe
698 3435 714 3461 ,
732 3398 815 3446 sed
843 3415 902 3447 ee·
915 3399 1089 3447 diviua

77 3484 178 3546 reqi
203 3482 365 3530 debere
379 3517 395 3543 ,
429 3498 488 3531 ac
513 3500 611 3531 nou
635 3485 836 3531 terrenis
861 3521 874 3544 ,
903 3481 987 3532 sed
1012 3497 1091 3529 sa-

79 3565 175 3610 cris
204 3563 344 3612 rebus
368 3570 531 3629 ipsum
559 3565 903 3614 accensendum
945 3583 1042 3617 esse
1074 3607 1087 3630 ,

77 3643 271 3711 ideoque
304 3644 537 3695 Ecclesiae
566 3648 760 3696 omuino
786 3647 981 3714 subjici.

1228 1514 1292 1577 (k)
1330 1513 1389 1560 In
1421 1510 1706 1578 Eucyclyca
1731 1513 1792 1563 15
1812 1515 2007 1579 Augusti
2030 1513 2178 1578 1832,

1158 1594 1240 1642 ubi
1267 1596 1330 1643 ait
1358 1611 1373 1642 ε
1408 1593 1644 1643 Memor-es
1685 1596 1907 1660 (populi)
1937 1598 2095 1645 sacris
2121 1597 2183 1644 il-

1159 1675 1244 1724 lud
1256 1676 1647 1740 (Matrimonium)
1667 1677 1808 1726 rebus
1824 1678 2146 1728 adnumerari
2165 1718 2180 1742 ,

1160 1767 1204 1807 et
1230 1756 1463 1808 Ecclesiae
1495 1760 1708 1824 proinde
1747 1761 1962 1826 subjici,
1990 1765 2185 1828 proesti-

1160 1849 1289 1888 tutas
1313 1840 1371 1889 de
1396 1844 1501 1907 ipso
1548 1841 1761 1906 ejusdem
1795 1840 2028 1891 Ecclesioe
2064 1843 2184 1909 leqes

1163 1922 1433 1971 habeautob
1446 1922 2010 1991 oculos‚iisquepareant
2021 1934 2185 1975 sancte

1163 2012 1476 2070 accurateque
1495 2043 1507 2066 ‚
1551 2022 1610 2053 ex
1653 2023 1859 2076 quoru-m
1911 2009 2187 2058 executione

1164 2088 1359 2135 omniuo
1372 2087 1553 2154 pendet
1580 2087 1792 2152 ejusdem
1815 2090 2061 2149 ‚connubii
2094 2092 2183 2151 vis,

1166 2168 1312 2216 robur
1357 2184 1416 2217 ac
1433 2171 1574 2234 justa
1601 2171 1913 2219 consociatio·

1236 2249 1299 2314 (5)
1321 2249 1467 2298 Paulo
1495 2260 1603 2298 ante
1621 2252 1902 2315 protulimus
1926 2255 2189 2318 responsio-

1167 2350 1276 2382 nem
1312 2332 1468 2380 datam
1502 2349 1518 2380 1
1543 2331 1675 2380 Junii
1702 2330 1854 2395 1824,
1876 2336 1927 2381 in
1961 2353 2053 2400 qua
2077 2351 2188 2384 con-

1169 2418 1317 2463 currit
1365 2417 1614 2462 auctoritas
1666 2413 1719 2461 S.
1764 2413 2135 2464 Poenitentiariae
2170 2454 2185 2476 ‚

1171 2496 1494 2562 Inquisitionis
1553 2502 1600 2543 et
1641 2495 2017 2561 Congregationis
2059 2498 2186 2548 Con-

1172 2579 1264 2627 cilii
1293 2578 1422 2627 Trid.
1450 2578 1546 2627 Has
1583 2582 1876 2631 auctoritates
1912 2581 2000 2630 sibi
2030 2581 2193 2648 objicit

1172 2659 1380 2710 Carriere
1397 2698 1410 2721 ‚
1428 2678 1596 2727 easque
1610 2662 1754 2710 eludit
1769 2662 1856 2710 sub
1879 2680 1932 2711 eo
1950 2674 2187 2729 praetextu,

1173 2743 1300 2808 quod
1339 2741 1523 2791 Summi
1550 2742 1796 2793 Pontifices
1838 2744 1958 2792 nihil
1996 2746 2191 2796 definire

1172 2826 1461 2875 intenderint
1484 2841 1499 2888 3
1531 2813 1851 2891 responsiones
1883 2845 1988 2876 vero
2015 2827 2065 2876 S.
2089 2828 2192 2877 Poe-

1172 2910 1451 2957 nitentiariae
1485 2910 1601 2956 tanti
1620 2926 1718 2957 non
1744 2911 1836 2957 sint
1869 2910 2084 2975 ponderis
2104 2947 2119 2972 ‚
2141 2922 2192 2959 ut

1173 2992 1310 3040 exiis
1352 2991 1508 3038 dirimi
1545 2990 1711 3039 debeat
1745 2995 2073 3041 controversia.
2111 2991 2191 3040 Ast

1172 3073 1244 3124 hae,
1259 3082 1369 3120 sunt
1390 3075 1653 3132 evasiones;
1674 3076 1890 3139 quamvis
1914 3076 2041 3122 enim
2070 3073 2192 3124 Pon-

1172 3155 1319 3204 tifices
1368 3154 1567 3204 Romani
1605 3156 1840 3205 noluerint
1887 3158 2191 3221 quaestionem

1173 3237 1367 3286 definire
1385 3275 1398 3298 ‚
1423 3238 1675 3286 ostendunt
1695 3236 1858 3286 saltem
1881 3273 1894 3297 ,
1934 3255 2035 3303 quae
2079 3240 2190 3304 ipsis

1174 3338 1305 3368 mens
1331 3322 1416 3381 sit,
1462 3331 1506 3368 et
1534 3322 1727 3386 quinam
1761 3335 1922 3372 sensus
1960 3329 2005 3368 et
2033 3323 2191 3386 praxis

1173 3403 1384 3452 Ecclesiae
1411 3419 1426 3464 3
1457 3405 1494 3450 si
1528 3410 1686 3449 autem
1732 3417 1791 3448 ex
1824 3401 2039 3452 cathedra
2076 3403 2189 3453 defi-

1174 3487 1396 3535 nivissent
1439 3483 1796 3532 controversiam
1821 3521 1838 3543 ,
1882 3487 1984 3549 jam
2029 3494 2190 3534 contra

1175 3569 1315 3618 fidem
1329 3575 1569 3634 peccarent
1583 3568 1937 3631 patrocinatores
1949 3569 2192 3618 contrariae

1172 3652 1424 3700 sententiae.
1471 3646 1630 3714 Quivis
1659 3650 1829 3714 pariter
1868 3653 2074 3715 apprime
2109 3666 2189 3700 ca-
