2508 4120
322 92 440 154 306
932 104 1260 143 Tuae-runs
1306 104 1373 140 nn
1419 102 1799 142 uxrnmomo.

413 257 545 314 191.
594 249 680 308 Ad
721 249 805 304 2¹¹²
831 292 846 320 7
886 248 1044 306 Dist.
1086 251 1239 305 min.
1278 247 1388 304 Res
1416 245 1553 303 facti
1595 256 1683 303 est
1721 266 1854 303 cum
1883 250 2015 322 jure
2053 248 2343 327 conjuncti
2374 245 2448 307 ab

321 368 504 429 eoque
531 340 920 423 dependentis
943 387 959 415 7
994 361 1184 408 comm
1214 340 1363 399 meri
1401 338 1535 398 facti
1559 385 1575 412 7
1611 360 1742 419 neq.
1786 337 1920 398 Ideo
1963 341 2124 400 enim
2148 363 2222 402 ex
2248 353 2450 403 mente

322 439 563 502 Concilii
596 435 932 496 Tridentini
966 458 1091 495 non
1127 435 1347 496 erravit
1382 432 1626 493 Ecclesia
1672 435 1735 492 in
1777 434 2201 495 constituendis
2248 439 2451 499 Matri«-

323 536 503 597 monii
527 533 967 615 impedimentis
986 578 1002 607 7
1038 533 1174 614 quia
1211 530 1457 591 Ecclesia
1483 533 1684 610 potuit
1702 541 1758 589 ec
1769 542 1960 611 potest
1979 551 2045 590 ea
2066 531 2415 593 constituere
2434 555 2451 609 3

321 631 582 714 alioquin
601 630 803 710 utique
824 639 1106 703 errasset7
1137 625 1475 709 usurpando
1512 625 1622 685 sihi
1650 637 2004 709 potestatem
2023 670 2040 701 7
2073 649 2253 709 quam
2283 627 2453 688 Chri-

322 741 445 790 stus
481 727 535 787 ei
563 725 813 785 minime
839 725 1141 784 concessit.
1165 723 1317 783 Satis
1354 734 1443 782 est
1477 742 1764 782 canonem
1791 721 2013 802 legere,
2049 733 2115 781 ut
2147 733 2455 785 evanescat

320 821 648 883 difficultas·

405 919 539 978 192.
584 915 716 994 Obj.
778 916 969 975 tertia.
1037 916 1099 972 1ο
1152 916 1300 973 Dato
1350 914 1527 973 etiam
1574 935 1866 999 canonem
1913 915 1985 972 1V
2039 912 2457 973 Tridentinum

333 1013 545 1093 dogma
588 1010 725 1071 fidei
756 1011 1058 1070 continere
1078 1054 1095 1084 7
1132 1031 1258 1080 non
1295 1020 1497 1068 tamen
1532 1010 1579 1067 is
1614 1008 1687 1068 de
1721 1008 1993 1088 dogmate
2025 1008 2318 1089 religionis
2360 1029 2457 1068 re-

324 1108 534 1171 velatae
557 1150 577 1180 7
613 1105 717 1166 sed
740 1104 813 1165 de
837 1105 1114 1186 dogmate
1130 1108 1308 1183 juris
1341 1107 1654 1163 naturalis
1685 1105 1798 1163 erit
1837 1103 2231 1186 accipiendus,
2262 1103 2458 1176 Quum

323 1205 484 1265 enim
523 1201 788 1262 Ecclesiae
825 1211 1081 1283 potestas
1106 1200 1404 1260 statuendi
1441 1200 1868 1282 impedimenta
1894 1200 2250 1259 Matrimonii
2272 1198 2461 1259 bene·

323 1299 454 1358 ficio
472 1298 812 1379 Principum
845 1295 1146 1376 obtigerit,
1179 1306 1355 1377 atque
1388 1318 1421 1355 a
1448 1306 1714 1377 tempore
1740 1295 1979 1355 Concilii
2017 1295 2346 1355 Tridentini
2374 1316 2458 1355 se-

320 1394 586 1454 culorum
609 1393 832 1475 aliquot
859 1391 1053 1473 quieta
1084 1393 1445 1474 possessione
1470 1391 1646 1451 fuerit
1664 1393 1893 1451 firmata
1915 1437 1931 1467 7
1964 1403 2226 1473 potestas
2256 1402 2456 1450 autem

319 1510 583 1548 concessa
615 1488 863 1547 aliorum
898 1507 1183 1546 consensu
1222 1508 1359 1547 vera
1395 1487 1468 1545 sit
1499 1508 1564 1545 ac
1600 1487 1856 1565 legitima
1877 1532 1893 1561 7
1935 1509 2047 1567 qua
2079 1488 2325 1568 quisque
2361 1509 2456 1546 se-

321 1583 582 1643 cundum
639 1583 817 1642 etiam
852 1581 1001 1659 juris
1052 1581 1333 1639 naturalis
1382 1581 1668 1662 principia
1705 1580 1860 1640 licite
1913 1583 1996 1640 uti
2033 1583 2219 1663 possit
2252 1626 2268 1655 7
2320 1586 2454 1659 jure

322 1700 557 1761 quoque
587 1678 1004 1738 Tridentinum
1029 1687 1231 1736 contra
1254 1698 1351 1737 eos
1371 1722 1388 1752 7
1422 1677 1526 1758 qui
1553 1676 1704 1736 hanc
1727 1679 1779 1737 ei
1808 1688 2162 1760 potestatem
2195 1675 2454 1757 abnega-

324 1775 474 1833 bant
512 1774 825 1833 anathema
862 1773 1253 1854 pronunciare
1287 1783 1552 1854 poterat3
1602 1773 1761 1854 quod
1785 1785 1987 1833 tamen
2025 1772 2372 1847 anathema,
2408 1773 2458 1832 si

321 1869 648 1952 principes,
682 1867 772 1926 uti
795 1871 954 1945 juste
985 1878 1231 1948 possunt
1254 1865 1428 1946 (cum
1451 1867 1614 1927 nulla
1652 1868 1827 1928 detur
1855 1859 2135 1930 adversus
2156 1872 2289 1946 jura
2321 1890 2458 1927 ma-

310 1970 600 2046 jestativa
624 1963 1058 2046 praescriptio),
1092 1974 1447 2045 potestatem
1476 1963 1628 2023 hanc
1660 1965 1993 2025 revocarint
2014 2010 2030 2039 7
2072 1975 2336 2024 cessante
2369 1987 2458 2025 ra·

324 2062 484 2120 tione
503 2105 519 2134 7
561 2058 637 2119 ob
669 2080 850 2140 quam
881 2057 1176 2117 vibratum
1211 2070 1332 2133 est7
1379 2070 1438 2119 et
1469 2059 1664 2140 ipsum
1706 2082 1810 2119 suo
1853 2060 2073 2120 carebit
2097 2060 2309 2121 effectu
2337 2060 2449 2139 (l).

322 2156 390 2213 2⁰
427 2158 713 2214 Praeterea
754 2153 1019 2212 doctrina
1050 2152 1371 2212 canonibus
1412 2153 1502 2212 his
1548 2164 1822 2213 contenta
1855 2154 2071 2214 multos
2105 2154 2201 2215 vel
2237 2156 2300 2212 in
2327 2155 2456 2237 ipso

325 2248 582 2309 Concilio
611 2247 954 2307 Tridentino
988 2259 1158 2307 nacta
1195 2260 1283 2308 est
1314 2248 1705 2326 adversarios,
1741 2251 1841 2331 qui
1877 2250 2011 2310 licet
2045 2249 2304 2332 plurium
2332 2251 2455 2309 suf-

323 2345 514 2424 fragiis
543 2347 800 2426 superati
829 2343 1032 2403 cedere
1073 2342 1418 2419 debuerint7
1457 2343 1606 2403 nihil
1635 2367 1707 2404 ex
1742 2346 1883 2405 actis
1914 2344 2155 2404 Concilii
2193 2345 2311 2404 luci
2339 2367 2457 2427 pu-

322 2440 488 2501 blicae
528 2438 796 2499 nondum
836 2440 1113 2521 expositis
1158 2440 1284 2499 erui
1326 2451 1549 2522 potest,
1592 2462 1728 2499 cum
1770 2463 1892 2500 non
1927 2452 2191 2515 constet7
2227 2443 2456 2502 votisne

325 2558 559 2611 eorum7
588 2536 689 2618 qui
711 2558 742 2594 a
768 2536 987 2618 Spiritu
1010 2536 1066 2595 S.
1101 2536 1276 2617 positi
1309 2547 1447 2596 sunt
1469 2557 1667 2616 regere
1690 2535 2001 2596 Ecclesiam
2032 2538 2134 2596 Dei
2155 2582 2170 2611 7
2214 2559 2291 2596 an
2314 2558 2453 2597 vero

326 2632 560 2691 illorum
578 2676 595 2707 7
632 2629 1033 2690 Cardinalium
1051 2653 1172 2690 non
1197 2632 1616 2714 Episcoporum
1637 2677 1653 2707 7
1708 2633 2086 2693 Generalium
2131 2632 2450 2711 Ordinum,

325 2725 751 2808 Abbatumque7
768 2728 928 2808 queis
947 2736 1149 2787 votum
1165 2726 1484 2787 decisivum
1498 2749 1567 2785 ex
1582 2726 1958 2807 dispositione
1974 2727 2232 2785 humana
2247 2726 2450 2785 seriori

326 2842 664 2880 concessum
689 2833 777 2880 est
802 2833 1066 2903 tempore
1087 2865 1103 2895 7
1140 2821 1276 2881 victi
1308 2822 1445 2880 sint.
1475 2822 1626 2879 Tum
1659 2822 1921 2903 profecto
1947 2821 2450 2902 quemadmodum

325 2917 576 2983 definire⁴
600 2938 722 2975 non
760 2927 848 2975 est
874 2917 1199 2995 integrum,
1227 2938 1338 2996 qua
1375 2937 1445 2974 ex
1476 2928 1643 2996 parte
1681 2926 1815 2975 vota
1849 2918 2125 2976 steterint
2162 2917 2391 2975 saniora
2430 2964 2445 2992 7

325 3013 403 3070 ita
436 3011 642 3071 saltem
661 3009 855 3070 dubiis
880 3010 953 3069 de
973 3011 1122 3070 facto
1150 3011 1261 3070 hoc
1288 3010 1456 3069 nobis
1488 3032 1612 3070 esse
1643 3010 1840 3070 licebit
1866 3011 1975 3091 (2).
2017 3011 2082 3069 30
2111 3011 2328 3072 Saltem
2354 3034 2449 3072 res

326 3119 699 3169 controversa
736 3117 823 3167 est
859 3107 1012 3165 inter
1041 3106 1363 3166 Catholicos
1399 3128 1591 3188 neque
1625 3105 1698 3165 ab
1735 3106 1983 3167 Ecclesia
2014 3106 2296 3167 hactenus
2339 3107 2445 3167 de-

324 3204 435 3261 cisa
456 3248 472 3276 7
516 3213 712 3261 utrum
748 3222 934 3260 canon
970 3200 1067 3262 ille
1102 3201 1458 3281 dogmaticus
1499 3203 1572 3261 sit
1594 3248 1610 3277 7
1647 3203 1790 3262 item
1827 3214 2027 3262 utrum
2062 3202 2136 3263 de
2160 3203 2442 3264 divinitus

395 3436 461 3497 (1)
499 3435 566 3483 lta
593 3436 691 3484 JOS.
743 3436 852 3485 Ant.
882 3435 1060 3485 Petzek.
1103 3433 1174 3483 De
1201 3444 1338 3501 pote·
1421 3436 1563 3501 Brisg.
1594 3435 1740 3501 1783.

327 3525 444 3564 state
459 3515 695 3566 Ecclesiae
723 3520 777 3564 in
801 3519 1065 3567 statuendis
1089 3517 1337 3583 impedim.
1493 3520 1557 3580 (2)
1596 3519 1715 3570 [bid.
1756 3519 1846 3569 loc.
1879 3518 1958 3567 eit.
1990 3518 2018 3585 ξ
2053 3535 2157 3567 101.

328 3600 642 3648 Matrimonii
664 3637 675 3660 7
701 3599 729 3665 ᾗ
757 3602 818 3665 73
857 3612 899 3652 et
926 3601 953 3669 ξ
996 3601 1058 3668 74
1076 3640 1089 3663 ,
1130 3601 1338 3666 Friburg.
1472 3597 1478 3603 ¹
