2612 4146
431 241 555 278 (ιιι).
602 240 668 275 11.
716 239 785 275 ne
829 237 1082 274 oamuum
1125 234 1354 273 Numano
1396 235 1462 271 Er
1505 233 1821 270 menium.
2078 209 2188 269 Ill

86 421 190 460 seu
210 443 225 473 ,
254 409 320 456 ut
349 395 446 456 alii
478 395 798 477 loquuntur
817 439 832 468 ,
876 392 1199 475 simplicem
1227 392 1667 474 deputationem
1697 389 2082 449 extrinsecam
2118 389 2196 448 ad

89 495 310 576 aliquas
350 493 675 551 functiones
718 512 817 549 seu
853 489 1209 562 ministeria,
1263 481 1473 568 quibus
1513 484 1855 568 peragendis
1894 506 2018 543 non
2069 494 2202 543 erat.

89 589 332 647 idoneus
347 585 656 666 Presbyter
673 587 785 664 (1).
810 586 1030 644 Verum
1049 582 1359 655 sententia,
1385 603 1546 640 nunc
1565 580 1842 662 temporis
1868 579 2201 638 communis

92 695 153 743 et
179 684 417 740 omnino
441 680 697 740 tenenda
718 725 732 753 ,
751 680 872 738 haec
894 690 981 738 est
999 725 1014 753 .,
1041 678 1447 758 Episcopatum
1468 687 1527 735 et
1549 675 1832 734 Ordinem
1855 695 1977 734 esse
2006 675 2199 755 specie·

91 777 431 836 distinctum
453 798 484 833 a
502 774 905 854 presbyteratu
927 818 943 846 ,
969 783 1029 830 et
1044 772 1506 829 Sacramentum.
1525 770 1582 828 Si
1607 771 1766 828 enim
1790 790 1881 828 res
1907 768 1982 827 ad
2007 768 2197 849 Scrip-

92 881 284 931 turam
316 872 592 950 exigatur,
620 869 851 927 nullum
879 865 1122 926 dubium
1147 884 1447 945 superesse
1466 885 1634 944 posse
1661 864 1913 923 videtur.
1947 866 2129 938 Nam,
2151 862 2198 921 si

92 966 167 1025 ad
189 966 472 1026 Ordinem
497 977 556 1024 et
577 964 650 1022 ad
670 965 1109 1023 Sacramentum
1141 958 1617 1017 constituendum
1640 959 2022 1039 requiruntur
2051 959 2203 1017 ritus

94 1074 401 1136 externuS,
435 1059 629 1140 gratiae
669 1056 899 1116 collatio
934 1066 992 1115 et
1026 1054 1222 1115 divina
1259 1054 1548 1112 institutio
1571 1097 1587 1128 ,
1636 1074 1769 1111 cum
1806 1053 1933 1111 haec
1970 1053 2197 1130 omnia,

95 1168 161 1214 ut
199 1179 271 1216 ex
299 1156 464 1214 dictis
497 1164 660 1234 patet
679 1196 696 1225 ,
723 1152 786 1209 in
808 1152 1217 1232 Episcopatum
1248 1159 1625 1221 concurrant,
1665 1146 1917 1206 dubitari
1943 1147 2201 1228 profecto

94 1253 334 1333 nequit,
372 1250 512 1330 quin
535 1248 909 1329 Episcopatus
937 1246 1012 1303 sit
1050 1244 1207 1304 Ordo
1238 1255 1297 1304 et
1336 1246 1792 1303 Sacramentum.
1823 1244 2074 1301 Rursum
2098 1285 2115 1315 ,
2153 1243 2202 1300 si

94 1345 194 1404 ubi
225 1344 494 1403 distincta
534 1339 785 1400 habetur
822 1340 1095 1415 materia,
1132 1339 1316 1397 forma
1359 1337 1663 1421 peculiaris
1691 1385 1707 1412 ,
1748 1337 2019 1396 distincta
2058 1336 2202 1395 item

90 1462 159 1500 ac
194 1437 496 1520 peculiaris
527 1436 825 1496 confertur
854 1446 1109 1516 potestas
1128 1481 1144 1510 ,
1182 1434 1488 1493 distinctus
1518 1432 1766 1492 habetur
1805 1431 1961 1492 Ordo
2010 1452 2202 1491 sacra-

88 1533 357 1594 mentalis
378 1558 395 1606 ς
423 1554 557 1591 cum
579 1533 955 1613 Episcopatus
980 1529 1318 1589 distinctam
1339 1527 1555 1587 habeat
1583 1529 1888 1587 materiam
1909 1572 1925 1602 ,
1951 1528 2208 1586 formam
2295 1602 2299 1605 ι

91 1651 157 1689 ac
188 1639 536 1711 potestatem
568 1649 596 1685 a
638 1624 1045 1706 presbyteratu
1067 1670 1082 1696 ‚
1118 1635 1273 1684 recte
1307 1622 1625 1702 colligitur,
1645 1624 1839 1704 ipsum
1863 1621 2204 1679 distinctum

90 1725 374 1784 Ordinem
398 1744 520 1783 esse
545 1734 603 1781 et
631 1723 1071 1782 Sacramentum
1098 1720 1203 1801 (2).
1240 1721 1389 1777 Hinc
1413 1718 1643 1776 definiri
1672 1728 1866 1798 potest
1892 1717 2203 1798 Episcopa-

92 1831 185 1878 tus
232 1820 391 1878 Ordo
428 1839 747 1897 supremus
786 1828 842 1874 et
881 1818 1377 1883 Sacramentum,
1411 1834 1526 1892 quo
1564 1813 1916 1891 Presbytero
1948 1822 2206 1890 potestas

92 1915 397 1972 tribuitur
453 1913 801 1990 conferendi
840 1913 1232 1969 Sacramenta
1285 1910 1771 1986 Confirmationis
1824 1919 1878 1965 et
1917 1909 2208 1984 Ordinis,

94 2010 449 2088 reyendique
464 2009 799 2068 Ecclesiam
822 2009 945 2064 sibi
965 2010 1361 2064 commissam.
1394 2006 1476 2062 Ex
1506 2025 1618 2085 qua
1643 2002 1981 2062 definitione
2004 2013 2165 2084 patet
2183 2047 2199 2076 ,

98 2103 570 2183 Presbyteratum
591 2123 712 2161 esse
741 2101 1192 2171 fundamentum
1231 2111 1289 2158 et
1315 2099 1549 2156 initium
1587 2098 1930 2172 Sacerdotii,
1974 2099 2207 2179 Episco-

46 2215 47 2218 ’
93 2209 298 2280 patum
326 2219 463 2260 vero
499 2198 677 2279 ipsius
716 2197 939 2278 apicem
977 2208 1035 2254 et
1074 2194 1571 2276 complementum
1594 2238 1610 2266 ,
1653 2204 1829 2273 atque
1863 2194 1928 2250 in
1953 2193 2207 2252 Ordina-

95 2293 252 2351 tione
278 2291 590 2374 episcopali
608 2292 837 2371 perfici,
867 2291 1019 2372 quod
1041 2291 1101 2348 in
1125 2291 1246 2371 ipsa
1271 2287 1650 2371 presbyterali
1675 2287 2057 2347 Ordinatione
2083 2290 2206 2366 jam

96 2386 281 2445 fuerat
338 2387 703 2459 inchoatum,
754 2397 929 2466 atque
983 2385 1125 2444 adeo
1181 2385 1260 2442 ita
1309 2405 1368 2443 se
1416 2382 1636 2442 habere
1679 2383 2088 2464 Episcopatum
2133 2382 2207 2441 ad

95 2481 565 2559 Presbyteratum
584 2526 599 2555 ,
638 2492 703 2539 ut
739 2482 1028 2559 fastigium
1060 2480 1268 2539 domus
1299 2479 1375 2536 ad
1406 2477 1880 2535 fundamentum.

176 2574 277 2632 79.
327 2576 539 2632 Verum
584 2575 730 2654 quid
771 2574 1092 2633 dicendum
1139 2573 1211 2632 de
1260 2572 1726 2652 ChorepiscopiS,
1767 2592 1869 2630 seu
1918 2571 2206 2653 Episcopis

96 2691 365 2747 agrorum
405 2680 463 2728 et
497 2690 812 2750 pagorum,
857 2663 1071 2749 quique
1105 2666 1402 2738 interdum
1441 2666 1552 2724 alio
1588 2665 1826 2725 nomine
1850 2665 2207 2727 vocabantur

92 2765 386 2844 Episcopi
405 2765 625 2822 villani
636 2785 737 2823 seu
760 2767 966 2822 vicani
980 2773 1086 2822 aut
1101 2765 1403 2843 oppidani
1418 2760 1925 2842 P-Respondemuffi
1944 2764 2080 2821 satis
2104 2761 2210 2820 im·

94 2956 369 3004 sententiam
395 2956 654 3020 negativam
684 2964 889 3002 tuentur.
920 2952 976 3001 In
1011 2953 1101 3001 hoc
1193 2970 1266 3001 xlx
1288 2990 1303 3014 ,
1341 2952 1461 3001 thes.
1494 2950 1545 3015 4.
1579 2950 1796 3000 Attamen
1830 2951 2003 3000 nedum
2036 2950 2204 3016 proba-

96 3037 234 3083 etiam
278 3042 438 3084 nostro
475 3033 678 3100 Collegio
724 3035 933 3084 Romano
963 3035 1102 3100 paulo
1188 3036 1294 3083 bilis
1330 3051 1457 3083 nunc
1478 3035 1574 3082 haec
1601 3038 1823 3083 sententia
1855 3045 2065 3083 censetur
2085 3070 2100 3094 ,
2127 3033 2206 3081 sed

98 3125 202 3164 ante
233 3114 468 3164 Societatis
499 3116 826 3165 extinctionem
848 3117 1003 3165 adhuc
1026 3134 1102 3165 ea·
1185 3120 1283 3184 jam
1313 3136 1338 3165 a
1371 3118 1609 3164 nonnullis
1645 3134 1835 3165 censura
1866 3126 2066 3164 notatur.

100 3195 206 3244 dem
236 3199 456 3246 sententia
487 3198 670 3262 publice
694 3198 1101 3263 propugnabatur,
1259 3199 1325 3262 (l)
1362 3197 1550 3248 Confer.
1583 3198 1791 3246 Morinos
1824 3216 1902 3262 op.
1935 3199 2015 3245 cit‘.
2046 3194 2206 3243 Excer-

102 3287 155 3325 ut
177 3287 351 3326 constat
376 3296 428 3327 ex
461 3279 666 3328 thesibus
701 3297 781 3344 per
808 3281 859 3327 id
891 3282 1106 3345 temporis
1190 3281 1267 3327 cit.
1296 3294 1375 3340 ιιι,
1403 3296 1503 3344 cap.
1545 3295 1560 3326 1
1594 3290 1638 3327 et
1664 3297 1796 3344 seqq.

104 3349 321 3422 evulgatis
338 3376 354 3421 3
373 3360 523 3408 adhuc
536 3361 850 3408 adstruiturin
865 3360 1108 3419 Thesibus,
1250 3362 1333 3425 ¹(2)
1370 3360 1422 3408 In
1452 3360 1659 3409 Constit.
1685 3356 1899 3424 Apostol.
1926 3376 2041 3424 quas
2066 3375 2204 3407 nemo

103 3442 222 3486 circa
256 3457 370 3504 quas
398 3456 584 3490 examen
611 3444 861 3490 instituitur
894 3445 950 3490 iis
968 3479 980 3501 ‚
1027 3448 1108 3508 qni
1192 3444 1459 3491 inficiabtur
1475 3445 1816 3507 antiquissimas
1838 3457 1933 3489 esse
1952 3478 1965 3501 ‚
1983 3458 2131 3490 sermo
2152 3441 2204 3488 fit

101 3523 300 3584 cooptari
333 3522 526 3584 cupiunt
548 3524 597 3569 in
610 3522 862 3588 Collegium
879 3521 924 3569 S.
955 3523 1109 3571 Bona·
1192 3525 1251 3573 de
1277 3523 1579 3572 Ordinatione
1601 3523 1931 3587 Episcoporum
1947 3556 1964 3583 ‚
1986 3533 2202 3587 praeterea

103 3611 304 3649 venturae
322 3604 371 3648 in
396 3601 520 3649 Urbe
533 3618 588 3650 ex
608 3602 842 3652 Fratribus
856 3603 970 3653 Ord.
994 3605 1109 3654 Min.
1191 3605 1434 3671 peculiaris
1456 3606 1603 3653 forma
1628 3622 1708 3652 seu
1729 3607 1870 3652 oratio
1894 3604 2200 3670 praescribitur

105 3681 255 3732 Conv.
289 3683 443 3731 denuo
472 3686 638 3730 recusis
665 3701 784 3731 anno
818 3681 941 3734 1833
960 3723 974 3747 ,
994 3686 1106 3734 diss.
1193 3686 1426 3735 recitanda
1459 3688 1509 3733 in
1540 3688 1744 3750 ipsorum
1772 3688 2131 3736 consecratione.
