2508 4120
240 145 356 206 176

951 164 1275 205 rnAc'rATth
1317 164 1388 205 DE
1429 166 1688 208 Onnum„

319 310 461 370 209.
511 309 597 369 Ad
619 310 737 385 2¹1¹,
778 309 952 390 Resp.
1004 308 1069 367 1⁰
1095 308 1244 390 Neq.
1284 311 1436 369 Tum
1471 310 1607 391 quia
1644 309 2009 372 celeberrimi
2046 313 2369 398 physiologi

238 428 305 467 ac
342 405 553 466 medici
597 404 733 463 data
767 424 944 486 opera
977 407 1338 464 contrarium
1382 406 1702 466 ostendunt
1740 407 1866 487 (1);
1909 417 2036 467 tum
2081 412 2215 492 quia
2266 434 2371 473 ex-

237 503 637 586 perimentum
681 501 1091 583 quotidianum
1136 501 1401 561 falsitatis
1440 504 1630 583 arguit
1666 503 2134 564 adversariorum
2183 531 2372 569 asser-

238 600 483 657 tionem.
524 597 727 657 Plures
760 599 923 658 enim
971 597 1196 658 caelibes
1235 598 1311 658 ad
1352 598 1710 682 decrepitam
1746 590 1928 682 usque
1969 612 2200 660 aetatem
2235 626 2375 686 per-

237 704 562 770 venerunt,
585 704 761 776 atque
789 695 853 752 in
885 693 1007 754 dies
1035 695 1413 776 perveniunt,
1438 706 1499 754 et
1518 694 1759 778 quidem
1787 695 1940 756 bene
1973 696 2238 758 valentes
2260 698 2373 778 (2).

237 789 321 847 Ex
365 789 801 848 recensionibus
847 795 1191 863 statz'stz'cis,
1220 802 1285 849 ut
1330 802 1578 869 vocant,
1626 803 1891 867 constat,
1941 792 2379 874 longaevitatem

239 885 543 968 propriam
590 886 962 968 potissimum
1014 908 1138 946 esse
1183 887 1530 946 monialium
1563 898 1621 946 et
1659 886 2058 968 religiosorum
2085 935 2100 963 ,
2143 890 2206 948 id
2250 902 2377 964 est,

240 980 514 1040 caelibum
541 979 670 1063 (3);
718 983 874 1065 quod
906 984 1155 1043 confessi
1198 995 1339 1043 sunt
1383 984 1542 1043 inter
1579 994 1801 1043 ceteros
1840 986 1984 1044 Baco
2018 985 2092 1044 de
2130 986 2380 1045 Verula-

240 1078 360 1137 mio
388 1077 476 1161 (4)
504 1088 563 1139 et
602 1077 817 1139 Mahon
852 1079 981 1162 <5);
1022 1101 1094 1140 ex
1131 1078 1425 1141 veteribus
1460 1102 1600 1142 vero
1630 1081 1889 1142 Galenus
1928 1080 2186 1164 idipsum
2237 1080 2381 1141 con-

246 1374 328 1406 seu
348 1355 566 1417 theorias,
597 1375 711 1423 quas
730 1366 944 1422 ponunt,
973 1367 1018 1405 et
1041 1366 1154 1405 tunc
1174 1373 1268 1404 om-

242 1460 324 1490 nes
355 1440 526 1490 debent
555 1457 717 1507 pravas
749 1442 1071 1490 conclusiones
1099 1441 1268 1489 admit-

242 1533 375 1585 tere,
397 1541 501 1591 quae
539 1527 663 1574 viam
700 1527 914 1590 aperiunt
936 1524 1155 1573 omnibus
1186 1525 1270 1572 fla-

244 1607 381 1672 gitiis.
415 1607 463 1655 Si
496 1624 608 1656 vero
653 1625 726 1655 eas
759 1617 1008 1672 respuant,
1039 1607 1271 1655 fateantur

244 1706 363 1754 opus
395 1699 490 1749 est,
524 1690 708 1738 easdem
745 1689 944 1738 theorias
979 1700 1058 1738 aut
1094 1689 1229 1738 salsas
1253 1728 1266 1749 ‚

243 1781 328 1820 aut
347 1772 515 1821 saltem
542 1773 647 1837 plus
670 1789 806 1838 aequo
823 1773 1130 1838 amplificatas
1150 1791 1267 1833 esse,

244 1872 361 1920 quas
385 1857 472 1920 ipsi
498 1856 752 1903 venditant.
785 1855 1066 1921 Plerumque
1103 1873 1158 1904 ex
1190 1872 1270 1903 ca-

246 1937 373 1986 sibus
420 1938 776 2002 particularibus
833 1955 914 2002 per
949 1938 1272 1987 inductionem

247 2023 324 2069 isti
384 2021 675 2070 concludunt
709 2022 767 2070 ad
811 2022 1097 2084 universale3
1135 2030 1182 2070 at
1216 2040 1270 2070 ex

249 2104 339 2153 hac
356 2106 527 2170 agendi
551 2108 726 2153 ratione
751 2108 850 2171 pari
870 2107 1008 2154 modo
1023 2124 1108 2154 nos
1124 2125 1175 2155 ex
1195 2124 1275 2155 ca-

249 2188 377 2237 sibus
395 2189 771 2254 particularibus,
790 2192 871 2256 qui
886 2192 1121 2239 innumeri
1138 2207 1276 2255 prope

248 2282 359 2320 sunt
373 2282 418 2320 et
447 2271 578 2319 omni
611 2274 884 2336 exceptione
907 2275 1103 2339 majores
1121 2311 1134 2332 ‚
1169 2275 1276 2338 jure

249 2372 486 2420 possemus
513 2371 750 2419 assurgere
766 2355 824 2403 ad
857 2355 1270 2405 universalitatem.

317 2437 387 2502 (l)
425 2438 557 2487 Inter
586 2456 706 2505 quos
732 2449 1029 2488 recensentur
1052 2439 1234 2488 Nicolai
1256 2478 1269 2501 ,

251 2538 387 2569 serm.
422 2538 497 2578 vr,
533 2531 669 2570 tract.
691 2538 750 2581 u,
786 2539 887 2586 cap.
931 2520 994 2584 5;
1036 2521 1240 2585 Cagnato
1262 2559 1274 2582 ‚

251 2604 335 2653 lib.
361 2621 377 2650 1
394 2641 406 2664 ,
437 2603 539 2653 obs.
577 2621 594 2651 1
620 2623 633 2667 ς
660 2603 924 2663 Santorelli,
951 2605 1276 2670 Antipraoeis,

251 2686 337 2735 lib.
393 2704 503 2745 xvr,
550 2704 655 2751 cap.
699 2685 767 2746 53
806 2687 1058 2752 Rediginus
1105 2689 1279 2755 aliique

254 2785 355 2817 non
386 2771 523 2832 pauci
577 2770 703 2834 apud
745 2769 817 2816 Cl.
855 2767 1001 2818 Scotti
1041 2773 1091 2817 in
1132 2770 1276 2819 Cate-

254 2849 435 2899 0hismo
460 2850 642 2901 medico
674 2888 687 2910 ‚
721 2861 807 2900 art.
839 2850 1072 2901 Celihaw.

325 2933 393 2999 (2)
431 2933 595 2981 Brawn
645 2933 838 2981 celebris
887 2935 1015 2983 med.
1066 2934 1277 3001 Anglus‚

255 3020 307 3067 in
334 3035 411 3083 op.
446 3015 646 3065 Errores
662 3015 922 3082 populares
938 3053 954 3075 ,
974 3017 1062 3066 lib.
1092 3035 1108 3065 1
1132 3055 1144 3076 ‚
1171 3036 1277 3084 pag.

259 3098 356 3149 282
380 3138 394 3160 ‚
428 3101 670 3159 observat,
714 3097 895 3151 caelibes
940 3101 1149 3160 diutius,
1202 3118 1280 3149 ce-

257 3187 367 3234 teris
415 3183 638 3249 paribus,
674 3185 827 3231 vivere
869 3201 1012 3248 quam
1060 3183 1283 3251 conjuga-

258 3278 347 3316 tos.
375 3266 665 3316 Leonicenus
679 3300 696 3328 ,
720 3266 1019 3314 *doctissimus
1036 3267 1162 3316 med.
1195 3270 1282 3316 ita-

260 3350 335 3398 lus
369 3387 384 3411 ,
442 3349 679 3398 tribuebat
727 3351 1021 3397 continentiae
1053 3349 1281 3398 valetudi-

261 3449 374 3481 nem
417 3432 665 3496 perfectam
690 3470 703 3492 ‚
744 3450 836 3499 qua
880 3431 1119 3481 fruebatur
1154 3449 1280 3481 anno

262 3531 329 3582 9⁰
368 3530 383 3576 ;
432 3513 611 3563 Hasech
666 3516 895 3579 parochus
955 3514 1221 3563 Leodiensis
1267 3553 1281 3576 ‚

264 3599 347 3664 qui
376 3606 584 3645 mortuus
615 3608 680 3646 est
708 3602 855 3647 aetatis
878 3614 971 3647 suae
999 3615 1121 3646 anno
1152 3596 1241 3646 125
1266 3635 1279 3658 ‚

264 3679 313 3729 id
347 3681 501 3746 ipsum
537 3679 811 3731 affirmabat.
849 3682 943 3734 Cfr.
977 3681 1158 3743 Feller,
1195 3682 1286 3731 Ca-

1354 1357 1574 1406 techism.
1584 1358 1860 1425 philosoph.
1893 1370 1982 1410 art.
2004 1362 2084 1409 cit.
2110 1360 2213 1409 Cfr.
2244 1362 2385 1410 etiam

1354 1442 1425 1492 De
1461 1442 1650 1493 Maistre
1670 1481 1682 1504 ‚
1721 1440 1912 1494 Soirees
1940 1443 1997 1491 de
2026 1443 2385 1492 Saint-Peters-

1354 1525 1503 1589 bourq
1522 1562 1537 1583 ,
1569 1536 1688 1574 tom.
1719 1543 1737 1573 1
1764 1563 1778 1585 ,
1810 1529 1920 1574 soir.
1967 1543 2010 1575 1.
2041 1526 2383 1575 Celeberrimos

1355 1606 1556 1658 Newton
1593 1611 1717 1673 virgo
1745 1619 1955 1657 mortuus
1982 1618 2081 1668 est,
2123 1619 2294 1675 atque,
2331 1618 2386 1656 ut

1354 1690 1568 1756 loquitur
1593 1690 1946 1740 Zimmermann
1966 1729 1978 1751 ‚
2001 1702 2134 1740 aetate
2151 1709 2383 1740 annorum

1356 1771 1422 1822 85
1438 1774 1602 1821 detulit
1617 1777 1667 1822 in
1685 1775 1983 1839 sepulchrum
1998 1775 2061 1833 id,
2079 1774 2206 1840 quod
2219 1774 2385 1822 infelix

1352 1859 1573 1923 juventus
1590 1868 1744 1906 nostra
1774 1860 1938 1906 misere
1951 1859 2134 1922 projicit
2151 1866 2280 1904 aetate
2296 1872 2383 1904 an-

1357 1957 1527 1987 norum
1554 1937 1632 2003 14.
1656 1943 1738 1987 Ast
1763 1939 1959 1988 Newton
1983 1942 2307 2003 cogitationem
2335 1940 2385 1986 in

1359 2021 1530 2070 coelum
1561 2025 1791 2071 intentam
1814 2024 1982 2088 jugiter
2012 2022 2220 2071 tenebat.

1430 2104 1499 2168 (3)
1533 2104 1763 2153 Consului
1797 2105 1880 2152 has
1927 2107 2242 2164 recentiones,
2285 2122 2387 2170 quae

1360 2190 1517 2251 paucis
1547 2188 1722 2236 abhinc
1752 2191 1888 2236 annis
1931 2198 2029 2235 tum
2055 2187 2258 2235 Venetiis
2283 2197 2384 2235 tum

1362 2271 1614 2320 Mediolani
1657 2273 1930 2337 prodierunt
1959 2310 1971 2331 ‚
2023 2273 2229 2339 aliasque
2282 2290 2380 2321 non

1360 2371 1532 2419 paucas
1565 2392 1579 2410 ‚
1629 2372 1683 2404 ac
1723 2373 1903 2421 semper
1945 2357 2105 2404 inveni
2159 2358 2386 2421 majorem

1361 2437 1699 2502 longaevitatem
1746 2441 1822 2486 in.
1852 2438 2091 2486 caelibibus
2144 2457 2288 2504 quam
2338 2441 2388 2487 in

1361 2524 1518 2590 nuptis
1539 2559 1551 2581 ‚
1583 2523 1723 2570 etiam
1757 2523 1914 2588 quoad
1942 2540 2212 2570 numerum.

1429 2604 1497 2668 (14)
1537 2603 1636 2652 cfr.
1705 2603 1811 2654 Sir.
1875 2605 2108 2654 Francis.
2173 2602 2391 2652 Bacon's

1363 2687 1535 2746 works,
1598 2685 1704 2736 ita-8
1729 2725 1743 2746 ‚
1776 2697 1888 2737 tom.
1934 2703 2055 2747 vm,
2095 2702 2209 2753 pag.
2253 2681 2383 2741 358,

1367 2768 1571 2818 London
1601 2767 1750 2819 1803.

1433 2851 1500 2914 (5)
1539 2850 1629 2917 Op.
1649 2854 1740 2903 cit,
1759 2862 1872 2899 tom.
1894 2866 1973 2910 tv,
1996 2867 2106 2917 pag.
2137 2848 2256 2898 261.
2280 2849 2383 2900 Pla-

1366 2942 1436 2980 cet
1474 2936 1574 2999 ejus
1631 2932 1772 2982 verba
1812 2932 2103 2988 exscribere,
2141 2950 2249 2980 curn
2297 2936 2388 2981 sint

1365 3014 1567 3063 hominis
1595 3014 1827 3062 caelibatui
1871 3016 2043 3063 infensi
2068 3032 2082 3063 ε
2111 3012 2178 3063 Se
2208 3015 2384 3080 quelli,

1366 3098 1522 3163 inquit
1547 3134 1560 3157 ‚
1590 3096 1676 3145 che
1689 3114 1782 3162 per
1801 3097 2022 3146 ubbidire
2054 3100 2108 3146 ai
2126 3098 2290 3147 doverc'
2313 3098 2392 3148 del

1357 3183 1559 3247 proprio
1607 3191 1728 3230 stato
1747 3221 1761 3244 ,
1814 3199 1840 3230 ο
1874 3200 1965 3249 per
2013 3183 2212 3248 qualche
2267 3183 2388 3234 altro

1370 3268 1540 3314 motivo
1561 3304 1574 3326 ‚
1606 3268 1834 3315 ricusano
1874 3267 1929 3315 di
1966 3267 2173 3316 ascoltar
2201 3267 2249 3315 la
2278 3285 2387 3316 voce

1368 3348 1491 3398 della
1526 3360 1704 3399 natura
1739 3367 1835 3398 non
1870 3368 1931 3399 ne
1946 3368 2164 3417 provano
2197 3359 2385 3400 sonente

1369 3431 1518 3480 alcun
1569 3434 1864 3482 incommodo
1891 3457 1910 3493 ,·
1964 3453 2013 3483 se
2039 3436 2189 3484 anche
2217 3434 2386 3500 I’espe-

1366 3518 1539 3566 rienza
1576 3518 1806 3567 dimostra
1859 3519 1943 3567 che
1972 3521 1995 3568 i
2027 3519 2239 3584 reliqiosi
2272 3516 2390 3565 celi·-

1369 3600 1530 3649 batari
1549 3602 1704 3667 riqidi
1728 3605 2014 3652 osservatori
2030 3601 2144 3649 delle
2172 3617 2254 3647 sue
2269 3599 2393 3664 leyqi

1370 3683 1532 3732 hanno
1575 3684 1750 3750 qoduto
1789 3687 1898 3734 sino
1941 3683 2009 3733 ad
2052 3699 2156 3731 una
2192 3690 2393 3731 estrema
