2508 4120
283 89 402 151 326
927 105 1253 145 Tmou-ms
1296 106 1364 142 nn
1409 105 1786 146 nummomo·

367 256 511 315 222.
560 251 649 311 Ad
674 250 783 325 8¹¹¹,
808 250 971 309 Disc.
1005 251 1083 308 Ut
1105 270 1401 309 canonum
1434 260 1626 310 custos
1650 260 1710 308 et
1731 248 1950 310 vindex
1970 295 1987 327 a
2009 274 2200 325 conc.,·
2223 279 2385 318 secus
2401 303 2423 334 ,

287 374 412 432 neq.
442 346 763 429 Responsio
789 357 957 428 patet
994 367 1067 405 ex
1103 345 1272 404 dictis
1305 346 1368 404 in
1403 367 1557 428 resp.
1595 345 1671 404 ad
1710 345 1813 404 6¹1¹.
1854 347 2004 406 Cum
2033 351 2192 411 enim
2223 354 2422 436 plures

289 465 522 527 semper
536 445 815 516 existant,
840 442 939 524 qui
958 442 1141 522 magis
1168 442 1363 523 poenis
1386 440 1809 524 temporalibus
1831 465 2008 525 quam
2030 447 2427 526 spiritualibus

286 541 650 613 afficiantur,
692 539 875 598 coacti
910 560 1031 597 non
1064 537 1246 606 semel
1278 549 1419 597 sunt
1457 549 1586 597 tum
1621 538 1970 615 PontificeS‚
2001 552 2127 600 tum
2164 543 2427 629 Episcopi

286 640 351 697 in
385 636 658 697 Conciliis
683 635 926 695 adunati
947 681 961 710 a
987 634 1270 696 adversus
1298 634 1495 716 legum
1516 634 2038 696 ecclesiasticarum
2066 651 2431 722 contempto-

287 756 380 795 res
415 745 691 817 expetere
718 755 751 792 a
781 731 1152 816 Principibus
1179 731 1366 792 edicta
1402 753 1468 791 ac
1495 731 1650 812 leges
1675 777 1689 807 ,
1732 731 1945 814 quibus
1971 732 2057 793 illi
2090 748 2436 815 cogerentur

290 831 365 891 ad
386 830 542 912 leges
566 830 979 890 ecclesiasticas
1004 828 1346 889 servandas,
1378 828 1531 889 Talis
1555 840 1644 889 est
1670 830 1829 909 origo
1855 829 2273 914 plerarumque
2302 834 2436 898 civi-

290 929 436 989 lium
478 926 1003 1001 constitutionum,
1033 945 1162 1007 quae
1199 924 1426 985 habent
1457 948 1565 1008 pro
1596 925 1829 1004 objecto
1856 948 1948 987 res
1978 948 2187 988 sacras,

371 1023 514 1084 223.
562 1023 654 1083 Ad
680 1024 765 1082 9ΙΕΙΕι
783 1068 799 1098 .,
827 1023 980 1103 Ney.
997 1022 1279 1096 Quamvis
1299 1026 1458 1083 enim
1484 1023 1812 1105 antiquitus
1829 1022 2098 1083 nondum
2117 1023 2439 1086 obtinuerit

292 1120 546 1182 formula
578 1141 738 1179 nunc
763 1120 829 1178 in
856 1140 969 1178 usu
1000 1130 1233 1201 recepta
1252 1164 1269 1196 ,
1306 1141 1422 1201 qua
1455 1120 1723 1200 conjugia
1754 1131 1956 1180 contra
1997 1120 2258 1182 Ecclesiae
2286 1121 2439 1203 leges

294 1218 441 1276 inita
475 1216 754 1277 dicuntur
782 1220 1007 1292 irrita,
1038 1218 1242 1285 nulla,
1278 1226 1390 1275 etc.
1422 1215 1909 1298 aequivalentibus
1939 1217 2132 1280 verbis
2156 1217 2216 1277 id
2244 1219 2441 1300 ipsum

295 1313 750 1395 significabatur.
794 1314 995 1373 Patres
1037 1312 1196 1373 enim
1240 1323 1299 1373 et
1328 1312 1588 1373 Concilia
1626 1335 1733 1395 per
1771 1313 2056 1395 quasdam
2091 1315 2327 1397 nuptias
2352 1315 2442 1375 af-

296 1410 615 1471 firmabant
655 1404 940 1470 divinam
973 1412 1155 1489 legem
1197 1421 1253 1468 et
1274 1414 1439 1488 jura
1473 1421 1716 1469 naturae
1743 1415 2113 1491 perrumpi,
2137 1414 2444 1472 adulteria

296 1513 625 1578 committi,
653 1529 747 1566 eas
777 1527 1024 1565 manere
1050 1529 1173 1565 non
1194 1528 1396 1585 posse,
1424 1528 1541 1565 esse
1560 1508 1963 1585 repellendas,
1991 1518 2117 1581 etc;
2144 1507 2443 1568 interdum

299 1615 602 1687 perpetuae
619 1602 986 1683 poenitentiae
1008 1613 1184 1683 atque
1207 1602 1798 1661 excommunicationi
1824 1601 2209 1681 subjiciebant
2234 1604 2443 1662 vetitas

302 1701 540 1781 nuptias
560 1709 943 1757 attentantes,
976 1699 1115 1771 Quis
1139 1720 1316 1779 porro
1342 1720 1464 1756 non
1489 1698 1687 1759 videat
1707 1744 1724 1773 ,
1747 1700 1812 1757 in
1839 1698 1928 1757 his
1953 1701 2042 1779 agi
2066 1722 2187 1758 non
2219 1698 2292 1757 de
2323 1698 2442 1757 sola

296 1795 708 1875 prohibitione
720 1836 744 1865 ,
782 1793 885 1852 sed
923 1793 996 1853 de
1023 1797 1372 1853 irritatione
1401 1794 1687 1872 ejusmodi
1715 1796 2118 1875 conjugiorum
2147 1793 2235 1874 (1)
2252 1794 2280 1849 Ρ

384 1889 530 1949 224.
581 1889 671 1949 Ad
702 1889 823 1948 10¹la
846 1934 862 1964 ‚
906 1889 1060 1970 Ney.
1099 1890 1234 1949 Haec
1269 1891 1432 1950 enim
1464 1911 1628 1950 mera
1655 1902 1745 1951 est
1775 1901 2054 1972 apostatae
2089 1889 2445 1972 Spalatensis

308 1986 639 2048 criminatio
658 2031 674 2060 ,
711 2008 891 2068 quam
931 1997 1136 2069 postea
1174 1988 1480 2069 personati
1507 1980 1778 2046 catholici
1806 1990 2018 2047 iterare
2039 2009 2162 2045 non
2191 1985 2444 2046 erubue-

307 2094 452 2143 runt
473 2083 585 2164 (2).
616 2082 673 2140 Si
696 2081 947 2142 Ecclesia
971 2084 1280 2164 usurpavit
1306 2082 1639 2142 indebitum
1663 2082 1774 2142 sibi
1789 2088 1885 2162 jus
1900 2129 1916 2159 a
1944 2083 2247 2164 proferant
2271 2083 2446 2161 igitur

382 2299 450 2363 (1)
488 2297 587 2349 cfr.
605 2298 892 2364 Roskovany
919 2314 997 2363 op.
1022 2297 1150 2364 cit.§
1181 2296 1266 2348 36.

381 2382 449 2446 (³2)
487 2381 626 2431 Hanc
660 2383 948 2430 calumniam
994 2385 1211 2430 omnium
1244 2384 1339 2447 pri-

315 2482 420 2513 mus
434 2499 451 2525 ,
483 2475 537 2513 ut
553 2464 755 2514 diximus
772 2500 789 2527 ,
823 2466 995 2513 struxit
1015 2465 1232 2514 adversus
1254 2463 1342 2513 Ec-

319 2548 505 2622 clesiam
539 2547 608 2598 M.
639 2547 694 2596 Α.
714 2550 772 2597 de
799 2546 1015 2597 Dominis
1034 2583 1049 2612 ‚
1080 2550 1163 2615 qui
1187 2547 1241 2596 in
1265 2563 1344 2612 op.

320 2634 400 2680 cit.
434 2632 520 2683 lib.
548 2651 592 2693 v,
617 2651 667 2681 n.
706 2630 770 2697 67
795 2671 809 2695 ,
843 2636 1024 2698 scripsit
1050 2651 1063 2682 :
1096 2629 1194 2681 Per
1213 2633 1345 2681 acci-

321 2711 441 2760 dens
479 2721 639 2761 tamen
660 2751 675 2775 ,
709 2723 755 2763 et
777 2731 836 2763 ea·
865 2714 966 2764 sola
989 2717 1308 2780 usurpatione
1329 2753 1342 2776 ,

327 2796 498 2844 deinde
518 2799 888 2863 praeecriptione
909 2836 922 2856 ‚
957 2798 1005 2844 si
1037 2805 1198 2844 tamen
1216 2814 1345 2862 proe·

326 2880 526 2945 scriptio
555 2879 657 2927 hoee
693 2879 869 2928 bonam
890 2879 1036 2943 fidem
1065 2879 1347 2942 adjunctam

328 2979 437 3009 vere
467 2961 669 3023 habeat,
710 2964 858 3010 etiam
884 2965 940 3010 in
971 2961 1195 3010 Ecclesia
1234 2963 1348 3027 (po-

328 3055 465 3094 testas
501 3045 630 3109 haec)
661 3047 914 3111 reperitur.
958 3045 1177 3111 Apposite
1206 3044 1346 3094 Card.

328 3127 564 3177 Gerdilius
584 3166 597 3189 ‚
650 3145 730 3194 op.
773 3130 856 3177 cit.
906 3125 934 3194 ξ
983 3146 1039 3176 12
1064 3167 1077 3189 ‚
1130 3129 1188 3176 ad
1228 3128 1352 3177 hanc

329 3212 705 3259 criminationem
726 3211 943 3275 repondit
966 3227 980 3257 :
1013 3208 1180 3274 Deqno
1209 3210 1260 3259 di
1280 3227 1351 3258 un

328 3302 546 3358 apostata
566 3295 609 3342 ei
639 3296 663 3342 ὲ
685 3293 845 3360 questo
880 3311 994 3342 nero
1016 3304 1213 3359 sospetto
1235 3332 1248 3355 ‚
1269 3294 1352 3344 che

328 3384 457 3425 tenta
473 3380 559 3442 qui
571 3378 613 3427 lo
631 3378 909 3445 Spalatense
924 3379 979 3427 di
992 3395 1213 3445 sparqere
1228 3380 1353 3428 sulla

329 3459 491 3508 buona
526 3461 637 3523 sede
683 3461 809 3511 della
860 3461 1037 3510 Claiesa
1070 3499 1083 3523 ,
1117 3462 1354 3527 'qua-siche

331 3545 461 3591 tanti
482 3546 614 3592 santi
643 3546 882 3610 Pontefici
902 3585 915 3607 ,
938 3547 1061 3595 tanti
1092 3547 1356 3596 venerabili

334 3621 518 3690 Padri,
549 3626 758 3675 adunati
772 3629 853 3676 nei
881 3627 1099 3677 Cone-ilii
1109 3666 1123 3694 ‚
1143 3645 1355 3678 avessero

1420 2299 1693 2364 conspirato
1711 2317 1803 2365 per
1839 2317 1942 2348 una
1973 2303 2019 2349 si
2047 2302 2199 2367 lunqa
2242 2304 2363 2351 serie
2395 2302 2449 2351 cli

1423 2382 1567 2432 secoli
1587 2420 1601 2442 ‚
1638 2383 1704 2431 ad
1722 2400 1961 2450 usurpare
1978 2403 2080 2434 una
2106 2389 2450 2453 incompetente

1424 2467 1656 2527 amorim,
1677 2464 1826 2515 lexiva
1846 2467 1917 2515 de’
1932 2468 2091 2517 diritti
2113 2469 2233 2518 della
2252 2470 2451 2536 podest&

1425 2550 1603 2612 civile,
1642 2569 1705 2600 ne
1746 2568 1959 2601 avessero
2006 2560 2180 2601 temuto
2229 2553 2284 2601 di
2315 2553 2450 2601 chia-

1427 2652 1563 2684 mare
1601 2635 1644 2686 lo
1680 2638 1876 2706 Spirito
1921 2634 2104 2685 Sancto
2144 2638 2202 2684 in
2233 2638 2448 2701 patroci-

1428 2727 1594 2767 natore
1644 2720 1700 2767 di
1730 2728 1896 2786 questa
1934 2718 1996 2766 da
2049 2718 2145 2766 loro
2176 2720 2449 2767 conoeciuta

1429 2805 1788 2867 usurpazione,
1816 2800 2166 2867 promulqando
2197 2809 2311 2848 sotto
2338 2800 2450 2848 l’in-

1427 2885 1685 2933 vocazione
1724 2885 1873 2933 dilui
1907 2885 1948 2933 le
1997 2884 2311 2932 ordinazioni
2332 2884 2453 2948 fatte

1429 2964 1493 3014 da
1539 2969 1636 3015 essi
1686 2967 1920 3032 riquardo
1972 2967 2023 3016 al
2083 2965 2398 3015 Matrimonia
2432 3002 2448 3028 ‚

1431 3064 1563 3097 come
1581 3052 1890 3113 provenienti
1909 3050 1972 3099 ola
2000 3050 2215 3098 autorita
2241 3049 2452 3097 ricevuta

1435 3132 1498 3180 da
1527 3131 1654 3194 Dio,
1689 3153 1712 3182 e
1751 3135 1926 3182 diretta
1961 3152 1986 3182 e
2020 3133 2230 3198 reqolata
2267 3133 2350 3182 dal
2365 3149 2452 3181 wo

1433 3213 1642 3281 Spirito,
1671 3216 1820 3265 Stolta
1841 3217 2144 3285 impudenza
2164 3255 2177 3277 ‚
2200 3215 2283 3264 che
2310 3232 2452 3264 scao-

1426 3317 1518 3365 pre
1556 3299 1601 3347 Ia
1635 3300 1894 3365 maliqm‘tc'z
1934 3300 2042 3349 dell’
2082 3303 2271 3359 animo,
2303 3315 2452 3348 senza

1430 3391 1587 3448 punto
1628 3386 1824 3447 yiovare
1852 3383 1933 3431 all’
1965 3386 2166 3432 intento.
2194 3382 2317 3448 qui
2332 3383 2355 3429 ὲ
2381 3397 2451 3430 ae-

1436 3469 1590 3513 eioma
1627 3468 1682 3514 di
1716 3466 1987 3515 universale
2007 3467 2413 3532 qiurisprudenza
2435 3501 2447 3521 ‚

1431 3548 1632 3612 fondato
1661 3549 1773 3597 sull’
1791 3552 1952 3615 equ-ita
1987 3549 2237 3609 naturale,
2264 3547 2347 3596 che
2380 3563 2449 3593 un

1434 3630 1647 3697 pacifico
1659 3650 1874 3699 possesso
1896 3634 1949 3681 di
1966 3631 2276 3697 lunqhisoimo
2300 3638 2451 3694 tempo
