2508 4120
301 101 418 161 378

927 121 1246 158 TRACTATUS
1290 122 1357 158 DE
1402 122 1583 160 MATRI
1592 124 1783 164 nomo,

301 266 409 339 sit,
436 266 622 346 ipsam
649 262 710 320 in
741 261 957 322 malam
989 274 1220 342 partem
1248 261 1522 345 pellicere
1553 264 1719 326 facile
1747 278 1979 348 posset,
2017 291 2191 332 nemo
2221 287 2423 336 tamen

301 360 454 420 dicet
475 404 491 432 ,
527 379 834 440 nunquam
862 358 1018 418 licita
1042 380 1166 419 esse
1194 359 1479 438 ejusmodi
1505 360 1800 421 connubia
1834 361 1942 441 (1).
2290 414 2294 417 ,

381 453 523 513 294.
575 454 663 515 Ad
687 455 775 513 2¹1¹
798 501 812 528 ,
853 457 1010 515 Dist.
1054 453 1145 514 Ob
1185 477 1433 537 pravam
1462 456 1645 516 animi
1682 457 2126 540 dispositionem
2155 472 2329 545 atque
2351 467 2426 526 ob

300 549 594 630 neglectas
622 551 1015 626 conditioneS,
1042 571 1170 634 quae
1190 553 1545 634 praescriptae
1570 552 1828 628 fuerant,
1853 577 2043 624 conc.;
2062 579 2168 639 per
2191 579 2270 635 se,
2295 581 2424 641 neq.

300 645 359 704 Si
396 646 498 729 qui
525 647 684 707 enim
720 647 1091 728 naufragium
1127 648 1394 707 fecerunt
1420 649 1482 707 in
1508 648 1598 707 his
1621 650 1935 730 conjugiiS,
1974 651 2105 712 ideo
2135 665 2256 730 est,
2296 657 2432 736 quia

301 763 506 802 eorum
550 742 693 803 fides
737 755 876 803 ante
913 745 1066 826 ipsas
1109 745 1346 826 nuptias
1387 745 1623 804 infirma
1671 757 1828 821 erat,
1879 769 2074 830 neque
2118 749 2433 811 christiana

298 836 625 919 flagrabant
657 839 973 913 charitate3
1019 841 1155 922 quia
1191 840 1422 900 defectu
1454 852 1627 901 rectae
1670 842 2014 903 intentionis
2053 866 2114 904 se
2147 845 2423 906 haeretico

300 936 494 1016 potius
525 936 788 1016 conjugio
812 935 1162 1018 copularunt
1196 958 1377 1018 quam
1408 936 1694 997 catholico
1709 982 1731 1010 ,
1770 939 1890 1002 sive
1931 938 2268 1000 ambitionis
2309 943 2432 1004 sive

301 1029 560 1092 lihidinis
577 1043 719 1091 aestu
741 1031 1052 1093 alteriusve
1072 1032 1405 1115 cupiditatis
1422 1033 1696 1115 permoti.
1720 1035 1779 1093 Si
1795 1036 1954 1095 enim
1972 1036 2204 1115 majoris
2221 1036 2277 1096 di
2288 1038 2434 1098 vinae

304 1126 501 1208 gloriae
536 1128 790 1203 intuitu,
829 1128 1132 1189 catholicae
1169 1128 1460 1208 religionis
1502 1141 1850 1209 augmentO,
1887 1130 2219 1212 reipublicae
2269 1145 2438 1192 tran-

305 1224 606 1306 quillitate
636 1225 798 1285 ducti
817 1271 833 1301 ,
858 1226 1132 1286 haeretico
1155 1226 1493 1308 nupsissent
1504 1251 1526 1300 ς
1557 1226 1605 1285 si
1629 1238 1906 1308 praeterea
1940 1228 2221 1305 orationi,
2249 1229 2438 1288 humi-

303 1320 495 1398 litati,
542 1320 837 1400 religionis
889 1321 1112 1381 actibus
1155 1342 1397 1404 operam
1437 1321 1772 1397 dedissent,
1815 1324 1978 1384 triste
2023 1324 2437 1406 proculdubio

304 1417 675 1497 naufragium
710 1418 1050 1479 evasissent.
1089 1419 1238 1478 Sane
1271 1417 1469 1501 plures
1494 1418 1576 1500 pii
1612 1420 1722 1482 viri
1760 1441 1825 1479 ac
1859 1419 2132 1481 mulieres
2161 1421 2439 1481 adhorta-

306 1511 602 1588 tionibuS,
650 1513 824 1574 bonae
872 1515 1334 1574 conversationis
1371 1514 1646 1595 exemplo
1685 1536 1751 1574 ac
1788 1516 2088 1597 precihuS,
2130 1529 2259 1576 tum
2298 1518 2438 1575 infi-

305 1609 465 1674 deles
487 1621 616 1669 tum
639 1610 940 1670 haereticos
962 1611 1037 1671 ad
1059 1633 1257 1671 veram
1285 1611 1625 1692 religionem
1649 1612 2058 1695 perduxerunt
2074 1660 2089 1688 ,
2118 1636 2439 1696 eorumque

308 1707 536 1769 animas
551 1706 760 1768 lucrati
780 1718 919 1766 sunt
937 1706 1049 1786 (2).
1076 1707 1196 1766 Sibi
1213 1719 1522 1790 propterea
1536 1753 1553 1784 ,
1572 1731 1695 1768 non
1713 1708 2127 1791 dispensationi
2147 1713 2442 1793 imputare

309 1800 531 1862 debent
558 1801 902 1862 scandalum
923 1848 939 1877 ,
978 1803 1138 1884 quod
1165 1803 1387 1862 infirmi
1416 1805 1511 1862 isti
1542 1804 1827 1863 Catholici
1855 1816 1995 1864 sunt
2020 1807 2191 1888 passi.

383 2064 449 2127 (l)
485 2063 586 2113 Cfr.
641 2064 832 2112 Pontius
873 2068 922 2112 in
981 2063 1215 2130 Append.
1257 2068 1335 2113 cit.

312 2165 415 2212 cap.
451 2144 513 2208 8,
539 2166 588 2195 n.
620 2164 646 2213 7
667 2165 682 2210 ς
703 2146 843 2196 Card.
886 2148 944 2196 de
974 2147 1104 2213 Lugo
1126 2183 1141 2210 ,
1186 2148 1339 2196 Trac-

305 2237 399 2278 tat.
440 2228 497 2277 de
538 2226 907 2290 Sam-amentis,
948 2230 1049 2294 disp
1070 2265 1084 2279 .
1116 2228 1148 2277 8
1173 2266 1187 2288 ,
1224 2241 1339 2280 sect,

321 2312 411 2377 14,
447 2330 533 2362 nec
562 2331 657 2361 non
693 2313 970 2362 Benedictus
994 2330 1073 2360 x1v
1098 2352 1111 2373 ,
1147 2311 1221 2363 De
1254 2329 1338 2378 sy-

313 2394 437 2445 nodo
458 2432 471 2455 ,
501 2395 588 2444 lib.
618 2412 695 2453 ix,
729 2412 832 2459 cap.
864 2394 893 2442 3
917 2431 930 2453 ‚
964 2411 1015 2442 n.
1057 2394 1086 2442 3
1109 2432 1123 2454 ,
1157 2394 1240 2442 ubi
1268 2396 1340 2441 in-

316 2487 385 2526 ter
407 2487 556 2526 cetera
587 2477 747 2525 scribit
767 2495 780 2526 :
811 2476 925 2525 Non
946 2478 1112 2524 minus
1129 2477 1343 2540 yraviter

315 2558 527 2608 eamdem
551 2560 884 2607 auctoritatem
909 2559 923 2623 (
944 2559 1264 2624 pontificiam)
1281 2558 1342 2607 ab

317 2631 415 2690 illis
443 2640 559 2689 laedzz
582 2641 842 2689 dicendam
869 2649 939 2689 est
955 2680 968 2702 ‚
989 2643 1078 2706 qui
1103 2640 1265 2706 aliquo
1282 2641 1342 2689 ab

318 2722 436 2771 hinc
473 2732 678 2791 tempore
718 2741 925 2773 asserere
959 2732 1004 2771 et
1023 2727 1215 2789 jactare
1246 2741 1342 2773 σιε-

310 2816 519 2874 perurat,
567 2807 948 2874 dispensationes
985 2807 1267 2872 hujusmodi
1310 2824 1341 2854 a

319 2890 456 2938 Rom.
486 2889 724 2954 Pontifice
739 2889 944 2937 minime
965 2888 1164 2936 concedi
1184 2905 1339 2952 posse,

320 2973 513 3021 etiamsi
539 2974 705 3038 qraois
724 2988 872 3021 caasa
889 2978 1175 3032 concurrat,
1203 2979 1343 3035 atque

320 3073 459 3104 omne
481 3056 815 3121 perversionis
831 3053 1109 3121 periculum
1146 3054 1291 3103 absit.

391 3138 457 3203 (2)
495 3138 628 3187 Inter
673 3148 822 3187 cetera
870 3138 1082 3202 exempla
1131 3139 1239 3185 satis
1288 3139 1345 3184 sit

322 3220 438 3269 illud
470 3221 636 3271 afferre
665 3218 716 3272 S⁴
756 3219 953 3269 Monicae
978 3222 1137 3269 matris
1162 3219 1214 3268 S.
1246 3218 1345 3267 Au-

323 3305 532 3365 gustini,
574 3322 676 3370 quae
726 3303 967 3352 Patritium
1012 3301 1249 3351 ethnicum
1289 3303 1346 3350 ad

322 3385 619 3435 christianam
646 3388 789 3436 fidem
815 3386 1029 3452 exemplo
1065 3396 1109 3434 et
1134 3386 1346 3434 adhorta-

325 3467 530 3516 tionibus
549 3470 769 3530 adduxit,
799 3480 851 3518 ut
876 3470 1015 3519 refert
1045 3467 1099 3517 S.
1129 3467 1346 3532 Augusti—

326 3553 454 3599 tinus
476 3589 489 3612 ,
514 3550 726 3616 Confess.
754 3553 839 3601 lib.
865 3570 910 3601 ix
927 3590 943 3610 ,
961 3570 1060 3617 cap.
1090 3568 1124 3618 9
1147 3589 1160 3613 ,
1180 3569 1232 3600 n.
1255 3566 1317 3598 22
1334 3589 1346 3611 ,

327 3645 372 3683 et
415 3634 638 3699 Sigeberti
688 3635 808 3700 regis
867 3637 1151 3684 Francorum
1170 3670 1185 3697 ,
1234 3640 1346 3701 qui,

1421 2075 1536 2114 teste
1582 2063 1632 2114 S.
1672 2065 1887 2131 Gregorio
1938 2066 2197 2117 Turonensi
2234 2106 2246 2128 ‚
2289 2067 2431 2117 Hist.

1422 2147 1762 2207 Francorum,
1806 2149 1892 2198 lib.
1924 2166 1968 2197 xv
1989 2187 2001 2209 ,
2031 2167 2134 2215 cap.
2184 2166 2246 2214 27
2269 2188 2281 2211 ‚
2321 2150 2441 2197 Bru-

1423 2229 1678 2277 nichildem
1696 2229 1901 2278 arianam
1930 2231 1988 2278 ad
2018 2230 2268 2280 Ecclesiam
2285 2232 2441 2280 catho-

1423 2311 1561 2359 licam
1579 2314 1665 2376 piis
1681 2313 2077 2361 admonitionibus
2099 2314 2306 2362 lucratus
2334 2323 2403 2362 est
2424 2330 2438 2375 ς

1425 2393 1553 2458 quod
1581 2404 1624 2441 et
1656 2396 1863 2458 praestitit
1903 2394 2194 2460 Chilpericus
2213 2433 2227 2456 ,
2274 2396 2438 2444 eodem

1426 2485 1537 2523 teste
1556 2509 1573 2535 ,
1597 2474 1715 2525 ibid.
1739 2493 1845 2541 cap.
1874 2474 1956 2525 28.
1989 2477 2118 2526 Idem
2149 2479 2302 2542 plures
2327 2477 2405 2526 alii
2427 2515 2440 2535 ,

1427 2569 1480 2606 ut
1518 2558 1577 2607 ab
1623 2561 1755 2607 initio
1787 2563 2061 2625 innuimus,
2108 2564 2444 2626 praestiterunt.

1427 2642 1532 2691 Huc
1571 2653 1811 2708 propterea
1855 2647 2027 2709 pariter
2068 2646 2228 2694 referri
2261 2651 2440 2711 potest,

1426 2726 1552 2791 quod
1579 2728 1760 2790 scripsit
1790 2726 2051 2791 Apostolus,
2089 2745 2105 2774 1
2127 2727 2186 2776 ad
2207 2728 2316 2776 Cor.
2343 2745 2405 2775 vn
2431 2745 2445 2774 :

1426 2806 1770 2871 Sanctificatus
1834 2817 1902 2855 est
1966 2811 2047 2857 vir
2096 2808 2304 2872 infidelis
2355 2826 2448 2876 per

1426 2888 1673 2937 mulierem
1705 2889 1924 2953 fidelem,
1958 2898 2004 2938 et
2039 2892 2338 2956 sanctificata
2381 2901 2447 2940 est

1427 2970 1609 3020 vnulier
1656 2970 1867 3035 infidelis
1903 2989 1998 3039 per
2035 2975 2194 3021 virum
2236 2974 2444 3038 fidelem.

1427 3054 1697 3103 Dummodo
1713 3065 1868 3104 tamen
1886 3091 1900 3116 ,
1921 3067 1972 3104 ut
1986 3057 2193 3109 diximus
2207 3098 2225 3119 ,
2242 3076 2322 3123 per
2337 3059 2447 3123 legi-

1428 3140 1591 3186 timam
1634 3138 2031 3203 dispensationem
2072 3141 2311 3189 connubia
2346 3142 2447 3190 haec

1429 3219 1723 3269 celebrentur
1739 3257 1753 3280 ,
1777 3231 1820 3269 et
1832 3223 1968 3289 justis
1997 3222 2055 3270 de
2075 3222 2223 3270 causis
2241 3260 2255 3283 ‚
2287 3240 2445 3272 serva-

1430 3305 1581 3370 tisque
1625 3306 1845 3370 appositis
1885 3305 2249 3355 conditionibus·
2297 3305 2446 3371 Quare

1429 3405 1526 3435 non
1554 3405 1734 3451 semper
1752 3405 1805 3436 ex
1822 3385 1990 3436 effectu
2016 3388 2258 3455 dijudicari
2275 3388 2413 3438 debet
2428 3425 2443 3447 ,

1432 3482 1482 3518 ut
1512 3471 1723 3535 pluribus
1754 3470 1949 3519 ostendit
1981 3470 2171 3520 Pontius
2190 3509 2203 3531 ,
2241 3470 2332 3519 loc.
2363 3472 2442 3516 cit.

1432 3570 1538 3618 cap.
1560 3550 1620 3614 4,
1650 3551 1678 3619 ἓ
1711 3569 1740 3600 2
1763 3571 1845 3611 ‚n.
1875 3550 1934 3615 14
1963 3564 2008 3602 et
2033 3571 2163 3619 seqq.
2200 3552 2323 3601 Hinc
2343 3550 2446 3598 vul·

1435 3646 1590 3701 gatum
1622 3635 1740 3684 illud
1775 3654 1789 3683 ε
