2508 4120
286 149 405 209 162
1002 166 1327 204 macrinus
1370 167 1439 204 mi
1484 167 1705 210 cummi.

285 313 660 397 abApostoli
714 319 945 383 mente,
1012 309 1113 390 qui
1150 330 1256 390 per
1306 309 1629 371 instantem
1667 314 2077 375 necessitatem
2129 317 2217 377 vel
2262 319 2425 378 exis-

283 423 512 472 tentem
559 409 622 466 in
662 407 927 485 conjugio
972 405 1305 464 molestiam
1348 407 1636 486 significat
1681 409 1775 468 vel
1812 412 2092 491 temporis
2135 416 2429 493 angustias

285 519 343 567 et
370 507 506 564 vitae
528 502 885 562 brevitatem
911 548 926 576 .‚
955 512 1022 559 ut
1055 501 1310 583 ipsemet
1347 521 1400 559 v.
1436 502 1516 559 29
1552 506 1796 584 exponit
1817 551 1832 578 ,
1869 506 2067 565 dicens
2103 529 2117 570 2.
2168 509 2430 589 Tempus

286 605 454 660 breve
484 610 598 666 es&
643 600 952 677 reliquum
998 609 1113 672 est,
1165 609 1234 656 ut
1273 602 1386 677 qui
1417 599 1637 656 habent
1678 621 1889 661 umores
1913 593 1934 672 ,⁸
1970 613 2268 681 tanquam
2307 626 2431 664 non

284 699 565 755 habentes
592 699 739 754 sint.
784 696 923 767 Quae
961 716 1094 753 cum
1134 695 1402 753 omnium
1431 706 1674 755 aetatum
1710 696 1861 772 sint,
1905 721 2025 757 non
2056 699 2131 758 ad
2159 722 2433 782 persecu-

285 794 462 852 tionis
499 805 766 875 tempora
804 803 1131 852 coaretatur
1154 838 1171 867 7
1211 791 1312 851 sed
1355 791 1430 850 ad
1467 813 1705 851 omnem
1736 805 1974 854 aetatem
2002 817 2062 856 se
2093 818 2153 856 se
2190 797 2435 879 porrigit

282 889 599 973 apostolica
642 889 1017 948 continentiae
1065 887 1500 947 commendatio
1539 899 1599 947 et
1638 889 1946 948 consilium
1974 936 1990 964 .,
2037 904 2215 973 prout
2257 892 2436 952 intel·

284 986 562 1046 lexerunt
593 984 818 1064 objecta
846 983 1027 1044 verba
1051 983 1315 1043 Ecclesiae
1343 987 1539 1043 Patres
1569 996 1629 1043 et
1657 985 1914 1045 Concilia
1940 987 2044 1066 (l)
2080 987 2304 1047 Deinde
2328 1011 2436 1071 pro

280 1094 443 1144 certo
469 1093 715 1140 sumunt
743 1080 1086 1153 adversarii,
1132 1079 1251 1138 sola
1296 1081 1720 1141 consuetudine
1755 1082 1944 1162 legem
1974 1082 2127 1142 hanc
2165 1084 2439 1143 introclu-

282 1191 436 1238 ctam
467 1200 628 1251 esse3
658 1200 842 1259 quum
875 1183 1042 1255 juxta
1069 1175 1223 1236 dicta
1264 1177 1330 1234 in
1368 1177 1614 1237 Ecclesia
1649 1178 1995 1238 occidentali
2045 1182 2108 1239 B.
2144 1181 2298 1239 Petri
2335 1203 2439 1239 au-

291 1277 562 1335 ctoritate
605 1275 779 1333 fuerit
822 1279 1162 1332 constituta.
1199 1274 1394 1332 Tertio
1437 1272 1691 1356 denique
1731 1275 1950 1335 factum
1993 1277 2188 1358 ipsum
2232 1275 2439 1336 falsam

282 1371 542 1432 ostendit
575 1370 1050 1430 adversariorum
1074 1370 1363 1428 theoriam
1380 1417 1395 1444 7
1440 1381 1568 1429 tum
1593 1393 1664 1431 ex
1689 1394 1757 1431 eo
1785 1373 1945 1453 quod
1969 1373 2239 1455 exempla
2257 1418 2272 1447 ,
2305 1395 2437 1456 quae

281 1469 489 1529 adduci
535 1467 729 1528 solent
777 1466 849 1525 de
901 1467 1198 1548 Episcopis
1244 1479 1303 1526 et
1350 1466 1707 1548 presbyteris
1754 1471 2018 1549 conjugio
2056 1471 2275 1547 junctis
2302 1515 2317 1543 ,
2372 1480 2438 1527 ut

282 1567 616 1649 plurimum
658 1574 929 1645 spectent
961 1563 1036 1621 ad
1073 1564 1494 1644 persecutionis
1529 1575 1799 1646 tempora
1820 1610 1837 1640 .,
1875 1577 2005 1624 tum
2040 1567 2218 1624 etiam
2251 1587 2324 1625 ex
2368 1587 2436 1624 eo

285 1661 446 1744 quod
475 1658 840 1719 cessantibus
871 1657 1374 1740 persecutionibus
1402 1660 1658 1718 maxime
1681 1661 1932 1740 viguerit
1963 1662 2139 1720 etiam
2164 1662 2227 1719 in
2252 1662 2442 1719 orien-

287 1757 503 1818 talibus
539 1755 803 1815 Ecclesiis
840 1755 1221 1814 continentiae
1249 1755 1606 1814 institutum.

370 1855 509 1912 177.
564 1852 648 1911 Ad
697 1852 819 1924 2¹¹1,
871 1852 1031 1910 Dist.
1083 1850 1255 1909 Nulla
1297 1853 1455 1928 justa
1496 1872 1665 1911 causa
1709 1853 2184 1935 interveniente,
2226 1873 2389 1912 conc.
2418 1877 2441 1924 ,-

274 1950 448 2027 justis
491 1948 565 2006 de
601 1947 786 2006 causis
807 1991 823 2019 .,
873 1968 1002 2026 neq.
1042 1946 1254 2005 Omnis
1289 1946 1449 2006 enim
1499 1958 1756 2030 potestas
1796 1949 2059 2009 Ecclesiae
2092 1948 2228 2009 data
2262 1960 2351 2009 est
2379 1947 2441 2006 in

285 2045 754 2114 aedificationfflm
776 2042 1029 2125 ideoque
1051 2054 1112 2103 et
1133 2043 1375 2103 facultas
1393 2043 1688 2104 condendi
1710 2045 1865 2126 leges
1886 2048 1947 2105 in
1969 2046 2235 2107 Ecclesiae
2256 2045 2440 2128 ipsius

283 2142 548 2216 bonnmg
577 2139 903 2219 cujusmodi
929 2162 993 2198 ea
1041 2151 1130 2198 est
1157 2185 1173 2214 ,
1220 2162 1399 2220 quam
1446 2141 1510 2199 in
1557 2141 1951 2223 superioribus
1996 2139 2440 2223 probationibus

353 2360 424 2424 (l)
464 2360 564 2408 Cfr.
599 2360 846 2419 Zaccaria‚
870 2375 949 2422 op.
982 2360 1065 2406 cit.
1100 2357 1188 2406 lib.
1224 2376 1278 2406 nx
1300 2396 1314 2418 ‚

285 2463 388 2510 cap.
435 2461 452 2491 1
478 2483 490 2504 ‚
519 2442 547 2510 ἓ
578 2441 630 2492 8.
654 2443 832 2491 Verum
858 2443 986 2508 quod
1017 2445 1167 2506 magis
1202 2459 1316 2491 con-

289 2528 448 2576 firmat
487 2528 914 2591 interpretationem
954 2535 1160 2573 nostram
1186 2563 1199 2584 ‚
1251 2535 1318 2574 est

286 2612 513 2675 expositio
558 2611 770 2658 acerrimi
807 2607 1048 2656 caelibatus
1083 2610 1201 2670 sacri
1228 2611 1317 2656 im-

289 2695 573 2759 pugnatoris,
599 2710 768 2757 nempe
784 2692 966 2741 Calvini
980 2728 997 2754 ‚
1016 2694 1097 2758 qui
1120 2695 1171 2741 in
1191 2694 1319 2741 hunc

283 2777 443 2824 locum
486 2778 551 2822 ita
578 2775 742 2823 scribit
773 2792 788 2823 ε
838 2772 1023 2824 Sensus
1076 2783 1174 2834 est,
1209 2793 1319 2840 erqo

287 2857 510 2925 expedire
524 2859 736 2906 arbitror
744 2865 947 2922 propter
965 2860 1316 2918 necessitatem,

282 2959 384 3007 qua
418 2942 577 2989 sancti
600 2941 659 2987 in
688 2939 780 2987 hac
807 2940 911 2987 vita
932 2947 1174 3003 amentur
1206 2955 1323 2989 sem.

279 3042 371 3092 per
389 3060 404 3083 ‚
440 3031 493 3071 ut
522 3022 743 3082 libertate
769 3038 828 3070 ac
858 3022 1193 3069 commoditate
1218 3037 1312 3070 οω-

288 3108 467 3157 libatus
489 3107 729 3171 fruantur
753 3121 940 3165 omnes,
976 3106 1209 3170 quoniam
1237 3103 1323 3152 hoc

282 3190 387 3239 illis
423 3189 720 3238 conduceret.
770 3187 927 3235 Porro
958 3197 1074 3235 sunt
1109 3188 1198 3252 qui
1236 3203 1320 3234 ne-

284 3275 553 3322 cessitatem
583 3272 795 3337 referunt
832 3270 897 3316 ad
934 3268 1158 3335 Apostoli
1185 3286 1321 3319 secu-

288 3356 389 3402 lum
411 3391 424 3413 ‚
443 3354 569 3419 quod
593 3363 717 3402 certe
737 3354 842 3418 piis
855 3352 1322 3400 turbulentissimum

279 3440 388 3507 fuit
407 3456 424 3497 ,·
460 3436 549 3485 sed
571 3438 698 3485 mihi
729 3435 922 3484 videtur
957 3434 1213 3496 desiq‘nare
1236 3451 1325 3499 po-

290 3522 391 3566 tius
425 3518 629 3565 voluisse
640 3517 1048 3583 inquietudinem,
1062 3533 1157 3580 qua
1170 3518 1327 3563 sancti

283 3609 514 3667 perpetuo
553 3603 604 3647 in
638 3604 879 3665 praesenti
917 3601 1323 3662 vita-jactantur.

290 3682 464 3748 Imque
493 3683 558 3730 ad
574 3685 736 3733 omnia
755 3683 914 3733 secula
931 3682 1127 3732 extendo
1149 3700 1165 3740 ‚·
1185 3690 1323 3745 atque

1400 2361 1473 2406 ita
1497 2360 1685 2426 accipio
1701 2399 1713 2419 ‚
1737 2369 1926 2409 sanctos
1945 2378 2119 2426 susque
2147 2362 2295 2426 deque
2321 2379 2429 2410 ver·

1401 2447 1507 2490 sari
1530 2444 1715 2508 saepius
1737 2445 1793 2491 in
1811 2452 1939 2492 terra
1954 2482 1966 2504 ‚
1997 2452 2043 2492 et
2063 2443 2231 2492 multis
2250 2446 2436 2493 variis-

1402 2541 1492 2588 que
1499 2524 1730 2590 procellis
1746 2543 1844 2573 esse
1871 2526 2098 2575 obnoxios
2115 2564 2131 2589 ‚
2156 2535 2211 2575 ut
2228 2530 2435 2576 minime

1403 2606 1469 2653 ad
1494 2609 1781 2674 conjuqium
1805 2611 2031 2675 apposita
2070 2626 2169 2658 esse
2207 2610 2433 2659 videatur

1404 2709 1568 2741 eorum
1613 2693 1844 2742 conditio.
1889 2695 2108 2744 Attamen
2150 2698 2230 2744 vix
2273 2705 2340 2744 est
2379 2713 2433 2743 ex

1404 2779 1742 2826 recentioribus
1782 2777 2146 2827 Protestantibus
2192 2780 2271 2844 qui
2305 2778 2434 2843 obje-

1406 2869 1531 2907 ctum
1542 2859 1696 2907 locum
1711 2877 1807 2908 non
1825 2870 2026 2925 exponat
2039 2860 2096 2908 de
2107 2862 2435 2924 persecutionis

1405 2951 1652 3006 tenipore3
1692 2944 1915 3009 quodque
1959 2944 2166 2991 deterius
2194 2954 2294 3007 est,
2335 2962 2433 2992 non

1409 3036 1624 3073 verentur
1639 3025 1749 3073 huic
1778 3028 2081 3091 expositioni,
2109 3029 2235 3091 prius
2263 3027 2434 3076 aJovi-

1408 3110 1548 3157 niano
1577 3110 1766 3157 invectae
1785 3146 1798 3168 ‚
1828 3110 2048 3158 nonnulli
2070 3108 2295 3158 Catholici
2327 3110 2431 3160 sub-

1409 3195 1607 3242 scribere
1624 3230 1636 3251 ,
1674 3194 1938 3261 cujusmodi
1982 3196 2102 3243 inter
2148 3205 2323 3244 ceteros
2367 3205 2435 3243 est

1409 3294 1670 3342 anonymus
1721 3287 1926 3326 etruscus
1943 3314 1957 3333 ,
1993 3295 2134 3343 quem
2189 3280 2432 3344 impugnat

1408 3363 1641 3411 Zaccaria.
1676 3361 1961 3411 Professores
1982 3362 2017 3409 F
2021 3363 2312 3428 riburgenses
2331 3398 2345 3421 ,
2369 3362 2428 3408 de

1409 3447 1581 3513 quibus
1610 3456 1764 3510 postea
1788 3446 1996 3493 dicemus
2019 3484 2031 3504 ‚
2061 3447 2270 3494 eamdem
2290 3460 2429 3508 expo-

1409 3532 1624 3577 sitionem
1650 3527 1933 3589 obtrudunt,
1959 3545 2045 3577 nec
2062 3529 2308 3577 advertunt
2326 3543 2429 3575 eam

1412 3612 1597 3660 sibimet
1624 3613 1816 3676 turpiter
1843 3610 2177 3659 contradicere.
