2612 4146
397 180 509 238 100
1108 196 1419 237 TRACTATUS
1462 200 1531 236 nu
1574 200 1802 237 omnim.

391 329 652 408 veregius
678 327 800 407 (l)7
839 325 1072 383 Grotius
1104 335 1232 382 tum
1266 346 1338 383 ex
1379 327 1652 384 Actorum
1689 326 1926 385 historia
1956 370 1971 399 7
2003 336 2131 383 tum
2170 325 2239 385 ex
2271 330 2510 387 Patrum

391 424 732 485 auctoritate
755 432 932 501 atque
951 419 1235 479 universae
1258 418 1520 479 Ecclesiae
1536 422 1914 480 consensione
1930 420 2063 478 fassi
2082 431 2220 478 sunt
2237 466 2253 495 7
2275 427 2514 500 pri-mos

390 523 724 585 Diacon03,
762 526 827 573 ut
855 515 1011 574 inter
1049 525 1269 574 ceteros
1294 514 1554 596 loquitur
1580 516 1922 596 Beveregius
1942 562 1958 591 7
1982 538 2099 594 per
2129 519 2514 595 apostolicam

394 613 854 674 ordinationem
888 631 1010 669 non
1034 632 1383 669 mensarum
1420 612 1855 679 tantummodo,
1895 613 1998 670 sed
2024 616 2202 670 totius
2233 612 2515 674 Ecclesioe

388 713 695 767 ministros·
731 709 1074 766 constitutos
1108 728 1253 775 esse,·
1297 717 1510 787 atque7
1555 716 1623 763 ut
1661 703 1861 764 subdit
1908 708 2248 766 Pearsonius
2273 754 2289 781 7
2338 719 2394 766 et
2435 709 2523 768 ad

385 825 630 863 sacrum
658 803 913 881 officiam
935 805 1128 881 fuisse
1156 804 1353 860 electos
1380 813 1433 859 et
1462 802 1798 876 ordinatos‘,
1820 821 1968 866 *cum
1997 824 2214 873 menete
2241 805 2516 883 discipa-

390 903 590 958 Iorum
618 909 764 957 tunc
792 902 1075 977 temporis·
1106 919 1442 957 communes
1487 908 1542 955 et
1563 918 1751 955 sacroe
1792 899 1974 954 etiam
2013 910 2232 967 essent,
2268 920 2328 957 eo
2360 899 2524 977 quod

385 996 855 1056 Eucharistiam
885 999 955 1053 in
989 998 1302 1053 communi
1329 999 1602 1052 convicta
1626 993 1992 1051 celebrarent
2017 990 2127 1071 (2).

469 1090 568 1150 60.
621 1089 790 1163 Quod
826 1101 1052 1171 spectat
1076 1088 1152 1146 ad
1175 1087 1428 1169 reliquos
1463 1087 1715 1146 Ordines
1737 1133 1752 1162 7
1782 1088 2185 1168 antiquissima
2220 1087 2513 1148 ecclesias-

387 1188 496 1246 tica
527 1196 912 1245 monumenta
949 1184 1023 1244 de
1053 1184 1118 1242 iis
1142 1183 1302 1265 loqui
1332 1194 1613 1264 tanquam
1645 1182 1717 1242 de
1754 1204 1816 1242 re
1849 1188 1973 1261 jam
2004 1184 2396 1243 communiter
2429 1205 2518 1244 ac-

385 1294 573 1364 cepta,
587 1280 751 1339 nullo
772 1281 1004 1360 negotio
1023 1280 1333 1341 evincitur.
1353 1279 1586 1338 Etenim
1598 1278 1899 1338 Cornelius
1911 1281 2207 1338 Romanus
2224 1279 2513 1356 Pontifex,

380 1380 586 1458 Epist.
625 1379 714 1436 ad
740 1378 800 1437 F
802 1378 1011 1435 abiam
1043 1376 1487 1435 Antiochenam
1508 1423 1525 1445 ,
1561 1397 1718 1434 anno
1753 1376 1979 1434 circiter
2014 1375 2171 1449 2527
2217 1375 2290 1434 de
2321 1376 2518 1434 Nova-

382 1475 544 1533 tiano
574 1475 653 1533 sic
679 1472 977 1554 loquitur:
1006 1474 1171 1552 Ergo
1202 1475 1300 1531 ille
1322 1474 1650 1551 annyelii
1676 1472 1896 1530 vindex
1920 1473 2244 1551 iyriorabat
2259 1515 2279 1541 ,
2312 1493 2511 1528 unum

381 1572 759 1649 Episcopum
794 1590 909 1627 esse
950 1580 1218 1651 oportere
1249 1573 1317 1626 in
1350 1569 1623 1627 Ecclesia
1670 1569 1993 1636 catholica,
2036 1571 2105 1624 ia
2146 1589 2271 1645 qua
2311 1577 2514 1625 tamen

383 1667 608 1725 sciehat
652 1665 1027 1743 Presbyteros
1053 1686 1169 1723 esse
1199 1675 1461 1743 quatuor
1495 1674 1552 1722 et
1572 1665 1982 1742 quadraginta
2002 1707 2023 1734 ,
2061 1673 2277 1744 septem
2313 1672 2517 1719 autem

380 1764 679 1823 Diaconos
698 1763 1052 1840 totidemque
1067 1762 1477 1819 Subdiaconos
1490 1807 1507 1829 ,
1532 1761 1824 1838 acolythos
1841 1761 1988 1818 duos
2009 1769 2064 1816 et
2083 1759 2514 1836 quadr-amma,

379 1860 703 1918 exorcistas
738 1866 794 1914 et
821 1858 1056 1915 lectores
1090 1878 1229 1915 cum
1262 1859 1531 1914 ostiariis
1556 1859 2011 1935 quinquaqinta
2035 1856 2183 1912 decos
2209 1853 2297 1935 (3)
2321 1852 2351 1911 ’Ζ
2389 1856 2512 1912 Re-

380 1954 495 2014 fert
516 1964 803 2036 praeterea
820 1953 1156 2011 Anastasius
1174 1951 1671 2025 Bibliothecarius7
1687 1961 1923 2009 cautum
1946 1950 2120 2009 fuisse
2142 1972 2172 2008 a
2189 1951 2322 2028 Cajo
2335 1950 2507 2009 Rom.

383 2049 663 2109 Pontifice
686 2096 702 2125 7
722 2069 879 2109 anno
904 2047 1131 2107 circiter
1157 2047 1278 2107 283
1301 2093 1318 2123 7
1335 2069 1413 2107 ne
1437 2047 1564 2129 quis
1587 2048 2041 2106 constitueretur
2054 2046 2391 2128 Episcopus7
2413 2045 2515 2127 qui

383 2167 506 2203 non
527 2156 697 2203 antea
717 2145 916 2203 fuisset
937 2145 1263 2212 ostiarius,
1280 2144 1505 2214 Lector,
1518 2147 1855 2211 Exorcista,
1869 2144 2128 2220 Sequens
2141 2139 2510 2220 (acolythus),

380 2241 802 2298 Subdiaconus
819 2281 840 2310 ,
885 2239 1226 2307 DiaconuS,
1258 2239 1578 2316 Presbyter
1630 2236 1739 2315 (4).
1775 2237 2070 2296 Accedunt
2118 2235 2511 2317 antiquissimi

381 2337 583 2394 Patres
606 2379 622 2408 7
685 2332 1079 2392 Tertullianus
1106 2379 1122 2408 7
1190 2333 1513 2413 Cyprianus
1535 2377 1551 2407 7
1612 2333 1984 2391 Firmilianus
2009 2377 2025 2407 7
2079 2332 2469 2411 Hieronymus
2492 2375 2509 2406 7

387 2430 739 2510 Augustinus
775 2440 835 2488 et
870 2429 965 2487 alii
995 2428 1250 2509 passim7
1289 2428 1389 2508 qui
1424 2419 1601 2487 modo
1643 2429 1998 2506 conjunctim
2020 2474 2035 2502 7
2071 2427 2247 2486 modo
2280 2427 2515 2486 divisim

387 2523 463 2585 de
508 2524 823 2603 majoribus
862 2523 1302 2604 minoribusque
1353 2520 1671 2581 Ordinibus
1710 2523 1789 2580 ita
1839 2522 2203 2604 loquuntur7
2247 2533 2310 2580 ut
2354 2522 2513 2581 idem

396 2620 763 2702 septenarius
790 2641 1068 2678 numerus
1087 2664 1102 2693 7
1129 2617 1334 2678 eadem
1360 2617 1840 2700 deprehendatur
1864 2619 2178 2701 antiquitas
2196 2664 2212 2694 7
2240 2618 2396 2700 quod
2418 2619 2514 2676 in·-

386 2726 478 2774 ter
522 2727 742 2773 ceteros
783 2714 1044 2773 eruditus
1082 2713 1337 2773 ostendit
1369 2714 1671 2773 Witassius
1709 2714 1818 2792 (5).
2395 2709 2398 2718 ’

470 2811 570 2870 61.
621 2811 768 2868 Cum
795 2830 934 2869 vero
959 2808 1179 2867 laudati
1207 2810 1513 2867 Pontifices
1534 2820 1593 2866 et
1617 2810 1800 2866 sancti
1826 2811 2021 2866 Patres
2048 2828 2155 2865 nec
2183 2829 2304 2864 non
2333 2807 2511 2887 Syno-

386 2904 495 2963 dus
533 2903 1021 2982 Carthaginiensis
1052 2903 1130 2961 IV
1159 2903 1386 2984 aliaque
1415 2903 1656 2984 antiqua
1686 2902 1935 2962 Concilia
1977 2902 2099 2962 sive
2141 2902 2510 2983 particularia

387 3001 509 3061 sive
541 2998 828 3079 generalia
861 2997 933 3056 de
969 2997 1057 3055 his
1091 2996 1410 3056 Ordinibus
1438 2997 1755 3078 loquantur
1799 3008 2081 3077 tanquam
2120 2995 2191 3055 de
2226 3020 2288 3056 re
2324 3000 2511 3057 omni-

379 3094 496 3154 bus
521 3094 745 3175 cognita
772 3104 831 3152 et
854 3092 1153 3174 explorata
1174 3138 1189 3167 7
1234 3104 1544 3175 propterea
1576 3115 1693 3150 uon
1726 3090 2041 3150 defuerunt
2070 3091 2341 3172 Theologi
2364 3139 2381 3170 7
2409 3094 2507 3176 qui

455 3288 527 3351 (1)
565 3287 622 3336 In
651 3286 820 3335 Canon
855 3282 1077 3352 Apostol.
1113 3288 1164 3333 in
1199 3302 1301 3335 can.
1334 3300 1402 3347 11,
1558 3284 1625 3348 (lo)
1664 3287 1741 3334 De
1772 3286 1886 3334 vitis
1904 3288 2051 3334 Rom.
2079 3281 2369 3351 Pontificum
2399 3305 2508 3336 cum

386 3369 516 3434 apud
553 3369 748 3420 Coteler.
791 3367 937 3418 Patr.
978 3367 1151 3434 Apost.
1197 3377 1311 3416 tom.
1351 3386 1403 3431 1,
1488 3369 1615 3415 noeis
1665 3370 1843 3418 varior.
1884 3369 1999 3418 edit.
2043 3369 2305 3419 Blanchinii
2351 3370 2505 3419 Romae

391 3464 495 3516 pag.
526 3447 643 3513 456.
1497 3450 1622 3518 1723
1644 3489 1656 3512 ‚
1686 3462 1801 3501 tom.
1835 3469 1902 3510 11,
1934 3469 2039 3516 pag.
2075 3451 2172 3519 249
2197 3463 2243 3501 et
2271 3468 2403 3518 seqq.

461 3530 526 3596 (2)
562 3531 675 3580 Loc.
710 3534 792 3582 cit.
1557 3532 1618 3597 (5)
1658 3533 1810 3583 Tract.
1833 3533 1909 3582 De
1927 3533 2052 3583 ord.
2071 3545 2189 3601 part.
2217 3543 2431 3600 17quaest.
2450 3550 2502 3596 11,

464 3611 532 3678 (3)
569 3613 707 3678 Apud
741 3612 913 3664 Euseb.
940 3611 1079 3664 Hiet.
1102 3612 1216 3665 eccl.
1236 3612 1322 3664 lib.
1341 3631 1403 3675 vl,
1490 3623 1577 3663 art.
1609 3631 1643 3664 ι.

392 3712 495 3761 cap.
527 3690 616 3759 43.
