2508 4120
254 92 373 152 284

891 115 1211 155 TRAGTATUS
1254 117 1345 155 DE‘
1368 118 1748 162 MATRIMOMO.

257 255 302 313 si
334 276 472 316 vero
496 254 610 313 tale
635 252 731 324 sit,
759 264 822 312 ut
844 254 1206 315 connubium
1222 255 1487 317 illicitum
1515 270 1750 320 tantum
1773 262 1980 324 reddat
1999 313 2015 342 a
2046 272 2372 350 impediens

256 358 649 429 nuncupatur.
681 348 825 407 Cum
849 362 1046 410 autem
1068 355 1333 411 omnium
1351 357 1478 431 jam
1501 377 1773 417 sermone
1795 359 1931 417 trita
1953 359 2076 420 haec
2097 366 2373 426 vocabula

256 448 375 504 sint
420 456 479 503 et
525 446 866 526 pervulgata
889 493 904 523 ‚
956 450 1227 531 quamvis
1246 495 1262 524 ,
1314 461 1379 508 ut
1423 453 1695 513 nonnulli
1739 455 2133 533 contendunt,
2182 463 2374 523 minus

252 540 490 621 propria
524 541 643 600 sint
685 543 773 622 (1)
803 589 818 618 ,
850 566 974 603 non
1017 545 1155 605 inde
1192 557 1504 628 propterea
1547 550 1806 629 cogimur
1834 551 1908 611 ad
1938 574 2066 612 eam
2100 553 2375 637 loquendi

254 636 544 697 rationem
571 637 976 700 deserendam.

327 871 391 936 (1)
429 872 620 922 Jamdiu
644 874 882 942 Launojus
899 914 912 936 ‚
943 879 994 925 in
1022 880 1098 926 cit.
1119 878 1241 927 libro
1258 913 1273 939 ‚

256 951 330 1002 De
360 956 495 1019 reyia
534 954 589 1005 in
635 943 1007 1007 Matrimonium
1049 967 1280 1025 potestate

256 1045 413 1084 tom.1
437 1075 450 1096 ,
484 1055 588 1103 pag.
623 1036 755 1099 626,
794 1058 906 1106 opp.
949 1042 1063 1091 edit.
1112 1042 1275 1093 Colon.

257 1118 317 1167 de
330 1120 672 1185 impedimentis
688 1122 1013 1173 dirimentibus
1037 1125 1242 1174 scribens
1263 1164 1276 1187 ‚

258 1220 358 1251 eam
385 1204 611 1270 adjecerat
629 1206 994 1257 observationem
1018 1227 1031 1256 τ
1060 1210 1279 1258 Romana

257 1284 564 1351 simplicitate
607 1287 846 1337 diceretur
885 1292 1046 1355 ’παρίει
1081 1292 1280 1358 proprie

258 1374 303 1413 et
329 1370 546 1432 apertius·
581 1388 599 1416 .·
625 1387 725 1418 non
751 1374 952 1420 servatis
980 1389 1066 1420 nee
1103 1374 1271 1422 solutis

257 1447 471 1513 legibus,
501 1453 581 1499 vir
614 1461 659 1500 et
692 1453 868 1502 mulier
898 1455 963 1502 ad
989 1456 1275 1504 contrahen-

259 1533 376 1580 dum
408 1532 785 1583 Matrimonium
825 1538 1095 1587 redduntur
1141 1539 1279 1587 inha-

259 1615 378 1663 biles
403 1653 418 1678 ,
457 1617 655 1678 solutis,
684 1618 881 1669 habiles.
913 1620 1079 1669 Goschl
1098 1660 1111 1682 ‚
1152 1620 1209 1668 V
1204 1639 1279 1670 er·-

259 1697 379 1745 such
416 1701 552 1747 einer
599 1699 912 1749 historischen
962 1700 1274 1768 Darstellunq

260 1778 348 1827 der
373 1778 686 1845 Eheqesetze‚
716 1800 795 1831 seu
839 1783 1096 1850 Specimen
1139 1802 1280 1851 expo-

260 1862 456 1909 sitionis
490 1861 735 1911 historie-w
769 1862 1281 1928 leqummatrimonia-

260 1940 382 1990 lium
408 1980 422 2007 ‚
462 1963 567 2010 pag.
610 1944 705 2010 134.
725 1984 739 2009 ‚
771 1965 821 1994 n.
853 1944 951 2010 348
975 1986 987 2008 ,
1017 1946 1281 1998 Aschaffen-

259 2027 395 2092 burg.
426 2026 574 2090 1838,
615 2040 799 2089 censet,
829 2031 1282 2095 impedimentorum

262 2110 632 2176 impedientium
658 2120 703 2157 et
720 2111 1058 2159 dirimentium
1083 2131 1281 2162 nomen·

263 2192 508 2241 clationem
531 2203 574 2241 et
606 2193 878 2242 divisionem
904 2197 953 2242 in
969 2195 1192 2244 divisione
1224 2195 1276 2247 S.

264 2273 478 2336 Thomae‚
491 2273 664 2341 Suppl.
681 2294 725 2341 q.
743 2274 801 2338 41
816 2314 829 2336 ‚
846 2277 902 2324 ad
916 2274 1003 2336 68,
1022 2295 1158 2326 suum
1176 2278 1282 2325 sun-

263 2357 535 2406 damentum
554 2358 742 2407 habere.
761 2358 992 2419 Ceterum,
1009 2377 1117 2408 cum
1131 2378 1283 2426 neque

265 2441 331 2487 sic
345 2438 468 2487 dicta
483 2440 813 2503 impedimenta
824 2440 1088 2490 dirimentia
1103 2444 1283 2507 proprie

265 2521 503 2570 dirimant
518 2522 892 2582 Matrimonium,
914 2524 993 2572 sed
1008 2542 1187 2589 prorsus
1201 2541 1284 2571 ne·

268 2606 459 2670 quidem
498 2623 661 2653 verum
683 2603 1044 2654 Matrimonium
1076 2606 1285 2655 contrahi

268 2690 441 2750 sinant3
474 2705 627 2753 neque
643 2690 973 2753 impedimenta
988 2690 1285 2754 impedientia

268 2779 554 2835 nuncupata,
573 2775 755 2836 proprie
782 2770 1186 2836 impediant,quia
1204 2774 1287 2819 etsi
1309 2815 1314 2820 .

270 2872 377 2903 cum
403 2853 497 2903 illis
522 2855 683 2903 illicite
708 2854 1007 2903 contrahatur
1032 2889 1049 2915 ,
1083 2853 1289 2901 subsistit

270 2949 431 2987 tamen
453 2976 466 2999 ‚
500 2938 614 2985 hinc
629 2955 726 2985 non
740 2938 877 3002 pauci
892 2935 1062 2984 vellent
1077 2935 1178 2984 aliis
1200 2953 1287 2984 no-

268 3021 477 3069 minibus
503 3037 556 3068 ca
591 3022 761 3068 vocari.
798 3017 890 3066 Th.
931 3015 1141 3065 Dolliner
1173 3019 1290 3083 juris

270 3102 621 3152 matrimonialis
642 3139 655 3162 ,
695 3111 831 3167 prout
857 3103 907 3148 in
925 3098 1106 3148 Austria
1127 3100 1238 3149 inde
1261 3116 1287 3147 a

274 3186 557 3251 temporibus
575 3185 845 3249 Josephenis
873 3184 1085 3243 traditur,
1111 3184 1258 3231 editor
1274 3218 1287 3240 ‚

272 3271 323 3316 in
340 3285 417 3332 op.
437 3266 720 3316 Handbueh
733 3266 813 3315 des
825 3267 878 3312 in
897 3264 1192 3314 Oesterreieh.
1204 3263 1292 3329 yel-

274 3350 446 3397 tenden
465 3350 515 3398 E
518 3351 728 3400 hereclits
747 3389 761 3412 ‚
795 3368 873 3399 seu
893 3347 1129 3401 Manuale
1152 3350 1294 3414 y‘uris

1362 892 1493 929 vocat
1517 882 1567 929 in
1586 891 1703 930 tom.
1729 895 1764 928 11
1786 884 1934 947 operis
1951 885 2039 932 sui.
2057 881 2179 933 Sane
2192 886 2267 950 jus
2283 902 2381 934 ma-

1336 963 1623 1012 trimoniale
1660 966 1938 1012 austriacum
1983 965 2143 1028 (quod
2174 966 2380 1033 alioquin

1362 1055 1630 1109 potestatem
1646 1044 1860 1094 Ecclesiae
1875 1046 1932 1094 ad
1945 1064 2095 1095 meras
2110 1047 2382 1112 prohibitio-

1362 1143 1442 1175 nes
1463 1165 1475 1186 ,
1511 1138 1556 1175 et
1583 1127 1639 1175 ad
1672 1129 1736 1176 sic
1781 1128 1899 1176 dicta
1931 1129 2263 1193 impedimenta
2295 1133 2383 1179 im-

1362 1209 1596 1271 pedientia
1614 1209 1843 1272 coarctat)
1860 1212 1958 1276 jam
1975 1210 2034 1258 ab
2051 1229 2175 1259 anno
2204 1214 2382 1261 circiter

1370 1288 1845 1358 1819impedimenta
1876 1308 2000 1341 mere
2026 1296 2244 1344 canonica
2266 1313 2383 1343 non-

1362 1375 1450 1421 nisi
1465 1383 1704 1440 proecepta
1732 1374 2029 1440 prohibitiva
2066 1376 2080 1440 (
2109 1373 2381 1425 Elzeverbo-

1362 1455 1467 1518 the)
1487 1494 1500 1515 ‚
1543 1457 1692 1504 civilia
1710 1474 1815 1505 vero
1844 1455 2186 1521 impedimenta
2222 1456 2382 1522 (Ehe-

1363 1535 1696 1604 hindernisse)
1725 1555 1997 1602 nuncupare
2014 1541 2271 1587 consuevit.
2294 1538 2382 1587 Alii

1363 1617 1644 1666 arbitrantur
1662 1655 1675 1678 ,
1699 1619 1862 1668 melius
1890 1620 2040 1666 vocari
2072 1636 2203 1684 posse
2233 1622 2384 1684 impe·

1364 1698 1571 1748 dimenta
1604 1701 1869 1748 dirimentia
1902 1716 2074 1747 causae
2102 1700 2342 1749 nullitatis
2365 1739 2378 1759 ‚

1363 1782 1659 1846 impedientia
1705 1792 1861 1830 autem
1899 1781 2142 1847 simplicia
2175 1784 2381 1849 impedi-

1364 1872 1523 1911 menta
1543 1899 1558 1922 ‚
1587 1875 1639 1912 ut
1665 1864 1749 1914 Dr.
1768 1864 1872 1912 Ant.
1897 1864 2100 1913 Theiner
2117 1902 2131 1925 ‚
2163 1867 2213 1913 in
2241 1883 2381 1930 pecu-

1363 1947 1463 1994 liari
1515 1946 1694 1995 dissert.
1736 1947 1794 1995 de
1846 1947 2142 1995 Matrimonio
2184 1956 2212 2006 ,’
2241 1964 2386 2014 quam

1366 2029 1655 2078 Vratislaviae
1692 2028 1816 2079 1825
1846 2030 1989 2078 edidit
2012 2065 2029 2091 ,
2061 2040 2105 2078 ct
2131 2032 2285 2096 inqua
2301 2049 2382 2079 va-

1366 2116 1454 2161 rias
1483 2112 1723 2161 doctorum
1743 2113 2087 2160 Catholicorum
2116 2115 2237 2160 circa
2261 2113 2383 2161 hanc

1366 2197 1667 2261 quaestionem
1702 2197 1942 2259 opiniones
1979 2196 2239 2258 proposuit.
2286 2194 2383 2242 No-

1367 2280 1511 2325 tiones
1530 2294 1664 2341 porro
1693 2276 2130 2341 impedimentorum
2147 2279 2386 2342 utriusque

1365 2363 1541 2427 generis
1559 2360 1746 2408 uberius
1772 2359 1940 2408 evolvit
1957 2369 2000 2406 et
2018 2359 2263 2408 illustravit
2278 2359 2383 2408 Nic.

1365 2433 1635 2500 Miinchen,
1673 2444 1723 2489 in
1739 2443 1918 2490 dissert.
1954 2438 2023 2489 De
2036 2443 2155 2505 jure
2195 2440 2383 2491 Eccles.

1366 2524 1538 2573 cathol.
1566 2522 1810 2571 statuendi
1837 2521 2181 2588 impedimenta
2204 2523 2387 2571 Matri-

1366 2608 1584 2654 monium
1615 2606 1901 2654 dirimentia
1920 2642 1933 2664 ,
1976 2622 2079 2670 pag.
2114 2620 2177 2653 20
2194 2615 2236 2653 et
2253 2623 2384 2671 seqq.

1369 2702 1414 2739 et
1442 2709 1545 2757 pag.
1577 2689 1640 2739 35
1659 2700 1703 2738 et
1728 2707 1856 2754 seqq.
1891 2688 2057 2736 Colon.
2097 2686 2242 2752 1827.
2266 2688 2383 2736 Cum

1369 2782 1527 2820 tamen
1578 2770 1720 2819 Card.
1769 2768 2073 2818 Bellarminus
2103 2804 2121 2831 ,
2182 2787 2261 2835 op.
2304 2772 2383 2819 cit.

1370 2869 1470 2916 cap.
1511 2848 1588 2910 18,
1614 2868 1665 2900 n.
1687 2851 1715 2898 3
1738 2888 1750 2910 ,
1775 2851 1953 2916 jamdiu
1972 2851 2348 2900 animadverterit
2370 2891 2382 2911 ‚

1369 2930 1701 2999 impedimenta
1744 2933 2005 2980 dirimentia
2049 2950 2144 2980 non
2177 2933 2282 2982 ideo
2323 2937 2387 2984 sic

1370 3018 1663 3082 nuncupari,
1699 3016 1827 3081 quod
1845 3015 2194 3063 Matrimonium
2221 3034 2386 3066 verum

1372 3100 1623 3159 dirimant,
1666 3098 1747 3146 sed
1791 3102 1901 3164 quia
1949 3097 2301 3147 Matrimonium
2334 3099 2391 3146 de

1366 3183 1496 3248 facto
1521 3200 1619 3230 non
1646 3182 1702 3229 de
1714 3183 1833 3246 jure
1849 3191 2141 3229 contractum
2158 3222 2175 3242 ,
2206 3175 2392 3230 ifritum

1374 3265 1575 3314 reddunt
1592 3281 1604 3327 3
1624 3263 1789 3312 exinde
1808 3274 1927 3329 patet
1946 3302 1958 3323 ‚
1978 3262 2103 3310 nihil
2129 3281 2225 3312 esse
2242 3266 2292 3311 in
2314 3264 2394 3312 tali

1379 3348 1755 3396 nomenclatione
1773 3382 1788 3409 ,
1813 3363 1907 3411 quo
1953 3348 2094 3394 etiam
2114 3345 2396 3393 delicatiores

276 3432 652 3480 matrimonialis
687 3435 742 3480 in
799 3433 1008 3482 Austria
1043 3431 1248 3495 viqentis
1273 3466 1286 3489 ‚

279 3532 383 3579 pag.
417 3512 479 3580 57
500 3551 513 3573 ,
531 3513 737 3563 Vindeb.
776 3532 791 3562 1
806 3514 905 3565 813
926 3553 939 3576 ‚
971 3514 1126 3563 mallet
1142 3532 1194 3562 ea
1211 3531 1293 3561 vo-

280 3600 369 3645 cari
387 3596 624 3645 obstacula
638 3595 950 3646 Iilatrimonii
967 3636 979 3658 ‚
1001 3608 1045 3646 et
1070 3595 1133 3644 ita
1151 3598 1295 3660 reipsa

1379 3430 1554 3479 offendi
1588 3432 1793 3493 possint3
1829 3445 1970 3494 quare
1988 3444 2084 3475 non
2117 3444 2299 3476 necesse
2333 3437 2401 3474 est

1380 3529 1404 3559 a
1427 3522 1607 3576 recepto
1638 3510 1770 3576 longa
1796 3510 2055 3560 seculorum
2082 3511 2194 3559 serie
2221 3526 2309 3558 usu
2330 3508 2400 3555 lo·

1383 3595 1555 3660 quendi
1578 3593 1799 3643 recedere.
