2508 4120
2103 235 2216 294 133

578 254 698 296 CAP.
744 259 822 296 IV.
871 260 941 296 DE
984 258 1106 296 SAC.
1155 257 1413 298 ORDINAT.
1464 258 1732 296 MATERIA.

202 402 334 461 123.
383 402 496 460 Sed
526 423 733 480 magna
767 401 836 459 lis
864 403 1018 480 viget
1042 403 1186 461 circa
1215 402 1522 460 materiam
1553 411 1613 460 et
1644 396 1895 459 formam
1935 399 2218 460 essentia-

112 498 229 557 lem
261 497 546 556 Ordinum
575 496 1083 555 hierarchicorum.
1132 499 1366 555 Veteres
1395 498 1553 555 enim
1574 496 1905 555 *scholastici
1940 497 2058 554 fere
2087 517 2216 553 om—

113 613 217 650 nes
255 613 373 650 non
406 590 745 671 ambigunt,
782 612 908 649 eam
939 592 1001 648 in
1036 593 1563 658 instrumentorum
1607 591 1828 671 pariter
1855 590 2217 672 porrectione

111 697 170 745 et
213 684 622 744 comitantibus
670 706 799 744 eam
840 684 1045 744 verbis·
1074 683 1541 742 constituendam
1572 705 1727 757 esse3
1758 697 1855 760 at,
1894 696 2206 766 postquam
2258 680 2263 683 ’

112 781 304 839 sanior
350 781 542 838 critica
585 782 759 838 rimas
814 800 1015 838 omnes
1061 777 1422 858 antiquitatis
1473 789 1830 856 perscrutata
1880 791 2002 852 est,
2062 800 2214 837 com—

109 875 344 933 munior
362 879 486 951 jam
518 875 701 935 evasit
720 874 1009 933 sententia
1028 917 1044 947 ‚
1073 891 1198 953 quae
1228 875 1289 928 in
1316 870 1433 929 sola
1454 892 1737 929 manuum
1765 872 2134 953 impositione
2158 883 2217 932 et

110 972 369 1028 oratione
396 971 563 1028 sitam
589 991 714 1029 esse
745 969 1049 1028 materiam
1071 979 1130 1026 et
1150 961 1399 1025 formam
1433 965 1646 1025 horum
1681 968 1955 1026 ordinum
1994 980 2210 1027 tuetur.

197 1063 331 1123 124.
378 1067 527 1123 Sane
563 1085 670 1144 pro
700 1062 806 1121 hac
842 1074 1106 1144 pugnant
1138 1063 1201 1120 1ο
1224 1061 1653 1142 Scripturarum
1684 1062 2015 1121 testimonia
2030 1108 2054 1136 a
2087 1083 2216 1142 quae

110 1158 459 1217 adduximus
512 1158 587 1217 ad-
653 1156 1071 1216 adstruendam
1126 1157 1483 1215 Sacramenti
1549 1156 1787 1215 Ordinis
1853 1158 2162 1217 veritatem
2195 1182 2211 1225 ς

108 1254 176 1310 20
220 1264 484 1334 pugnant
514 1251 742 1309 ritualia
779 1252 974 1309 omnia
1012 1263 1071 1310 et
1110 1251 1734 1311 sacramentaria‘ante
1772 1262 2101 1332 nongentos
2138 1250 2215 1309 ad

108 1347 420 1405 minimum
466 1367 652 1403 annos
685 1348 1043 1426 conscripta,
1092 1367 1302 1425 magna
1342 1345 1642 1425 diligentia
1680 1368 1719 1404 a
1755 1346 2034 1405 Menardo
2076 1346 2169 1426 (l)
2201 1391 2216 1419 7

28 1493 31 1496 ,
106 1441 392 1500 Martenio
440 1441 528 1518 (2¹)
563 1452 622 1499 et
666 1442 898 1499 Morino·
932 1440 1021 1519 (3.)
1054 1442 1372 1522 perquisita
1414 1453 1473 1501 et
1522 1441 1794 1523 prolata-3
1847 1442 1912 1501 30
1950 1453 2218 1523 pugnant

109 1534 565 1594 Constitutiones
596 1535 922 1617 apostolicae
951 1535 1075 1614 (4),
1114 1535 1435 1594 Concilium
1471 1536 1946 1615 Carthaginiense
1983 1538 2056 1594 IV
2094 1537 2218 1615 (5),

106 1630 406 1688 Nicaenum
437 1631 460 1688 I
496 1631 622 1708 (6),
660 1629 1087 1689 Antiochenum
1127 1629 1481 1688 celebratum
1517 1652 1673 1688 anno
1716 1630 1829 1688 341
1868 1631 1997 1709 (7),
2037 1633 2220 1710 Ancy—

107 1745 318 1783 ranum
336 1724 422 1805 (8)
439 1770 456 1800 ‚
486 1725 711 1807 aliaque
735 1724 1025 1807 permulta
1049 1725 1390 1806 antiquioris
1417 1725 1675 1784 Ecclesiae
1710 1728 2091 1784 monumenta
2109 1770 2133 1798 ,,
2154 1725 2218 1784 in

108 1819 314 1899 quibus
345 1819 418 1879 de
445 1821 971 1879 instrumentorum
994 1822 1359 1902 porrectione
1378 1841 1486 1879 nec
1513 1820 1759 1879 verbum
1785 1821 2068 1893 occurrit-3
2097 1821 2216 1878 imo

108 1915 429 1972 Concilium
474 1914 740 1994 Carthag.
783 1936 910 1973 can.
952 1916 1031 1988 V,
1074 1915 1135 1972 in
1171 1936 1239 1973 eo
1277 1916 1577 1973 constituit
1618 1915 1933 1974 discrimen
1978 1914 2215 1973 subdia-

108 2022 380 2068 conatum
417 2011 572 2069 inter
602 2022 662 2069 et
699 2009 1082 2069 hierarchicos
1130 2010 1378 2069 Ordines
1398 2002 1424 2084 ‚⁴
1452 2012 1611 2091 quod
1645 2011 1742 2068 isti
1784 2032 2068 2068 manuum
2098 2010 2213 2068 im-

107 2105 394 2185 positione
429 2150 445 2179 ,
505 2105 603 2164 ille
671 2105 1197 2164 instrumentorum
1258 2104 1573 2164 traditione
1637 2105 2043 2164 conferrentur
2094 2105 2207 2183 (9).

176 2324 242 2387 (l)
282 2323 350 2370 In
366 2325 494 2372 notis
509 2334 552 2372 et
572 2324 819 2372 observati.
847 2325 904 2371 in
927 2322 1106 2372 librum

109 2403 527 2453 Sacramentorum
560 2405 616 2454 S.
653 2406 883 2469 Greqorii
917 2407 1104 2471 Papoe,

107 2485 214 2533 edit.
253 2486 400 2534 Maur.
429 2498 545 2535 tom.
580 2494 633 2534 11‘1
653 2524 666 2546 ‚
696 2498 804 2535 nota
833 2485 949 2551 757.

1253 2323 1324 2386 (8)
1361 2321 1478 2371 Can.
1529 2341 1572 2371 ix
1596 2359 1609 2382 ,
1658 2341 1712 2371 ex
1752 2325 1958 2371 versione
2004 2323 2214 2388 Dionysii

1189 2405 1355 2468 Exigui
1375 2443 1387 2463 ‚
1418 2415 1495 2452 aut
1524 2423 1549 2452 x
1577 2421 1630 2451 ex
1659 2407 1871 2452 versione
1900 2404 2095 2452 Isidori.

1933 2482 1975 2531 S
1978 2482 2210 2531 ubdiaco-

1261 2485 1330 2550 (9)
1378 2485 1449 2531 En
1484 2487 1673 2531 canonis
1710 2485 1890 2532 verba:

176 2567 240 2630 (ἓ)
279 2566 368 2631 Op.
400 2579 443 2614 et
469 2567 560 2614 loc.
592 2570 692 2615 citt.
725 2584 830 2631 cap.
858 2566 923 2627 83,
957 2574 1041 2614 art.
1075 2582 1109 2631 9
1190 2582 1284 2612 nus
1311 2581 1425 2611 oum.
1450 2564 1736 2621 ordinatur,
1767 2566 1885 2631 quja
1905 2579 2080 2611 manus
2112 2565 2209 2610 im—

102 2658 146 2695 et
177 2658 262 2696 art.
304 2664 319 2695 1
337 2664 378 2696 Ι..

171 2729 235 2792 (3)
275 2729 365 2793 Op.
407 2732 486 2777 eit.
519 2739 611 2777 tota
640 2739 768 2793 parte
801 2739 857 2777 ir.

165 2811 230 2874 (la)
271 2810 377 2858 Lib.
420 2827 538 2868 vni,
586 2828 688 2875 cap.
741 2807 835 2869 16,
879 2809 960 2856 ubi
992 2811 1111 2856 inter

98 2901 246 2940 cetera
264 2891 361 2939 haec
387 2892 635 2955 leguntur:
660 2888 982 2953 Amalec-opem
1014 2889 1110 2951 ἆμῖν

100 2994 191 3026 τοις
221 2971 500 3026 ἐπισκὸποις·
523 2972 815 3039 Πρεσβύτερον
841 2975 1110 3038 gupa-013„

100 3051 132 3118 ᾇ
170 3053 409 3118 ἐπίσκοπε,
441 3053 500 3104 τοὶ
534 3057 667 3123 χεῖρω
692 3053 767 3104 ἐπὶ
796 3061 876 3110 τῆς
907 3058 1112 3115 κεφαλῆς

103 3133 301 3184 ε”πιτιθσι
324 3134 472 3190 αὐτος.
496 3137 742 3186 Constituto
762 3138 892 3185 vobis
908 3135 958 3184 Ε
956 3152 1113 3201 pasco-

95 3218 224 3282 pis:
253 3218 376 3266 Cum
394 3219 728 3285 Presbyterum
743 3220 964 3279 ordinas,
985 3218 1112 3284 Epi-

104 3316 268 3365 scope‚
301 3317 498 3350 manum
523 3319 669 3369 super
695 3311 839 3369 caput
870 3304 973 3368 ejus
1014 3305 1115 3367 ipse

104 3384 312 3447 impone.
331 3381 500 3430 Eadem
521 3385 615 3432 fere
631 3393 878 3432 occurrunt
893 3399 994 3446 cap.
1021 3399 1074 3446 ¹7
1099 3419 1113 3442 ‚

105 3463 186 3512 ubi
212 3465 359 3526 agitur
374 3463 431 3511 de
452 3462 750 3515 Ordinatione
785 3465 1114 3513 Diaconorum.

173 3543 243 3605 (ὅ)
279 3543 391 3590 Can.
417 3560 493 3591 111.

177 3626 241 3689 (6)
279 3626 395 3675 can.
422 3643 517 3675 m.

181 3707 247 3770 (7)
286 3707 398 3756 can.
422 3726 467 3755 x.

1186 2647 1472 2710 pos-itionem
1514 2661 1612 2692 non
1654 2646 1859 2710 accipit,
1891 2654 2119 2710 patenam
2149 2646 2208 2692 de

1137 2736 1139 2740 “
1191 2726 1422 2793 Episcopi
1471 2744 1621 2774 manu
1663 2726 1871 2792 accipiat
1910 2743 2115 2775 vacuam
2160 2736 2203 2773 et

1194 2809 1391 2857 calicem
1422 2826 1645 2858 vacuum.
1667 2809 1845 2874 Quibus
1870 2810 2018 2858 verbis
2050 2810 2210 2858 exclu-

1195 2893 1317 2939 ditur
1358 2891 1867 2957 Arcudiialiorumque
1901 2893 2090 2956 opinio,
2124 2894 2205 2957 qui

1195 2983 1407 3032 censent,
1433 2991 1659 3021 manuum
1678 2976 2020 3039 impositionem
2045 2976 2095 3020 in
2111 2975 2207 3020 ins-

1196 3066 1530 3104 trumentorum
1559 3058 1845 3120 porrectione
1871 3056 2098 3103 contineri
2117 3089 2131 3115 ‚
2156 3063 2207 3100 ut

1197 3142 1407 3186 omittam
1439 3137 1606 3186 exinde
1640 3140 1801 3202 sequi,
1832 3140 1972 3186 etiam
2003 3134 2200 3183 Ordines

1198 3223 1397 3268 minores
1432 3221 1628 3267 conferri
1663 3223 1832 3283 pariter
1874 3219 2206 3264 manuumim-

1197 3302 1423 3365 positione
1446 3337 1459 3359 ‚
1489 3303 1568 3365 qui
1601 3310 1645 3347 et
1664 3303 1711 3346 iu
1730 3298 1917 3346 illorum
1944 3296 2204 3358 collatione,

1198 3382 1314 3438 dum
1345 3381 1596 3446 Episcopus
1647 3381 1834 3447 porrigit
1858 3380 2161 3426 instrumenta
2186 3416 2199 3436 ‚

1199 3480 1364 3511 manus
1395 3465 1608 3527 imponit.
1636 3462 1689 3508 ld
1718 3463 1868 3524 ipsum
1909 3458 1984 3506 dic
2019 3458 2077 3507 de
2112 3459 2208 3507 col-

1199 3545 1372 3592 latione
1421 3543 1638 3608 Baptismi
1677 3578 1689 3600 ‚
1747 3539 1967 3588 Extremae
2018 3540 2206 3588 Unctio-

1195 3628 1267 3674 nis
1286 3663 1299 3687 ‚
1334 3635 1423 3674 etc.
