2508 4120
270 146 385 206 128
1007 162 1329 205 'fuscarus
1374 167 1442 204 na
1485 166 1707 205 ornum.

270 314 576 396 Episcopis
628 333 804 393 super
840 307 1219 390 Presbyteros
1259 309 1559 389 agnoscit,
1597 312 1696 393 qui
1727 312 2036 394 Episcopos
2074 328 2242 375 vocat
2275 338 2408 376 suc-

269 432 525 490 cessores
562 406 1010 488 Apostolorum,
1055 417 1279 466 ceteros
1313 427 1455 466 vero
1506 407 1747 467 secundi
1791 408 2018 468 ordinis
2066 411 2408 473 Sacerdotes

269 508 331 566 in
367 506 517 565 LXX
557 502 979 585 discipulorum
1016 486 1215 561 locum
1245 501 1582 561 successisse
1609 502 1896 578 affirmat3
1943 506 2042 586 qui
2074 507 2369 588 vituperat
2389 552 2408 577 .,

270 620 485 681 eosque
524 598 586 656 in
619 611 796 680 portu
826 599 1201 678 naufragium
1238 598 1424 656 facere
1451 597 1532 656 ait
1550 642 1566 671 ,
1606 595 1958 682 quicumque
1984 601 2198 661 docent
2219 648 2234 677 ,
2262 602 2411 662 nihil

271 699 431 756 iuter
469 694 821 777 Episcopum
856 706 916 754 et
949 693 1368 776 Presbyterum
1402 693 1709 753 interesse.
1753 694 1931 776 Atqui
1963 698 2224 779 primum
2256 719 2411 780 saepe

272 790 579 852 constituit
594 791 989 872 Hieronymus
1004 836 1020 865 ,
1048 812 1112 849 ac
1136 790 1462 872 praesertim
1480 790 1543 848 in
1561 790 1836 870 Epistola
1858 792 1944 850 ad
1958 794 2278 853 Fabiolam
2295 795 2316 868 ζ
2329 794 2412 873 l),

274 887 527 947 alterum
557 887 777 947 veroin
802 886 958 945 libro
996 885 1280 945 adversus
1315 888 1612 944 Joannem
1652 885 2248 967 Hierosolymitanum
2279 889 2418 971 ‚Epi-

276 1004 530 1066 scopum
563 983 676 1064 (2).
713 984 963 1056 RursuS‚
1005 983 1107 1064 qui
1136 994 1347 1063 negat7
1378 984 1439 1041 in
1459 1005 1572 1041 una
1604 982 1851 1042 Ecclesia
1882 982 2076 1065 plures
2107 987 2418 1069 Episcopos

277 1081 452 1140 fuisse
472 1105 488 1155 ς
510 1080 635 1161 {qui
682 1079 817 1138 solis
873 1079 1170 1161 Episcopis
1217 1084 1314 1158 jus
1370 1076 1509 1138 facit
1555 1077 1999 1155 Ordinationis3
2067 1081 2166 1163 qui
2210 1081 2421 1142 eodem

278 1170 617 1235 diScrimine
652 1175 734 1233 ait
757 1173 1168 1234 Sacerdotibus
1194 1176 1506 1257 Episcopus
1535 1174 1882 1235 antecellere
1900 1223 1916 1251 ⁷
1953 1197 2069 1258 quo
2107 1178 2299 1236 Aaron
2323 1176 2423 1235 in-

279 1284 370 1332 ter
403 1271 554 1331 filios
583 1270 913 1346 eminebat,
954 1271 1075 1330 imo
1112 1293 1228 1353 quo
1264 1273 1487 1352 Moyses
1528 1270 1750 1354 populo
1785 1272 1963 1332 Israel
1989 1271 2339 1354 praestabat,
2374 1274 2422 1332 is

280 1369 540 1453 profecto
563 1369 880 1450 Episcopos
904 1390 935 1427 a
961 1366 1376 1428 Sacerdotibus
1399 1367 1583 1448 gradu
1611 1379 1672 1428 et
1699 1370 2042 1440 auctoritate
2062 1415 2078 1445 7
2099 1379 2158 1429 et
2184 1370 2424 1452 quidem

278 1469 411 1545 jure
447 1465 687 1540 divinO,
733 1465 1002 1524 secernit.
1048 1465 1226 1547 Atqui
1267 1474 1519 1546 quatuor
1555 1464 1680 1532 haec
1705 1456 1889 1525 vdocet
1931 1466 2320 1546 Hieronymus
2362 1466 2426 1524 in

283 1562 491 1623 eadem
527 1561 625 1619 illa
655 1560 730 1619 ad
760 1560 1123 1640 Evangelum
1169 1559 1413 1642 epistola
1433 1606 1448 1635 ‚
1493 1582 1565 1619 ex
1596 1582 1710 1643 qua
1747 1562 2117 1642 potissimum
2145 1560 2255 1621 sibi
2286 1562 2428 1621 Hie-

284 1679 602 1739 ronymum
645 1657 964 1716 adversarii
1001 1655 1340 1733 vindicant,
1375 1668 1435 1715 et
1475 1678 1648 1716 suum
1682 1678 1806 1716 esse
1844 1659 2221 1716 confirmant.
2259 1659 2427 1737 Ergo,

372 1756 509 1814 112.
559 1753 649 1814 Ad
690 1755 771 1813 1m
805 1754 1003 1836 itaque
1046 1753 1214 1836 prob.
1256 1755 1417 1813 Dist.
1456 1755 1640 1813 Docet
1676 1754 2069 1834 Hieronymus
2094 1799 2109 1828 ,
2154 1753 2432 1814 eumdem

288 1873 413 1911 esse
448 1852 798 1933 Episcopum
829 1861 889 1909 et
923 1848 1339 1930 Presbyterum
1370 1851 1612 1909 nomine
1639 1895 1655 1921 .,
1702 1871 1900 1918 conc.,·
1938 1871 2001 1908 re
2024 1895 2040 1925 ,
2087 1871 2219 1930 neq.
2263 1849 2432 1922 Quod

288 1960 455 2032 patet
484 1969 555 2007 ex
583 1944 1030 2028 probationibus
1062 1945 1200 2027 ipsis
1223 1991 1238 2019 ,
1275 1966 1418 2027 quas
1464 1944 1736 2019 adducit3
1776 1946 1886 2005 nisi
1919 1957 2201 2028 praeterea
2242 1944 2431 2007 dicere

291 2045 544 2106 velimus
566 2090 582 2120 ,
612 2045 810 2125 ipsum
839 2041 1103 2102 alludere
1127 2041 1202 2100 ad
1235 2041 1334 2101 illa
1367 2040 1630 2101 Ecclesiae
1668 2040 2025 2101 incunabula
2047 2088 2062 2118 ‚
2091 2045 2152 2100 in
2182 2040 2393 2124 quibus
2413 2086 2430 2116 .,

283 2147 453 2222 juxta
478 2143 789 2201 Petavium
812 2138 1068 2221 aliosque
1101 2137 1302 2197 doctos
1331 2140 1487 2199 viros
1523 2138 1700 2219 paulo
1728 2149 1866 2197 ante
1902 2149 2389 2197 commemoratos
2410 2181 2427 2212 ,

295 2250 547 2319 utraque
595 2236 849 2316 dignitas
890 2236 953 2293 in
998 2256 1182 2292 unam
1229 2233 1618 2315 eamdemque
1663 2255 1979 2316 personam
2022 2232 2429 2293 concurrebat.

384 2333 522 2392 113.
573 2333 663 2392 Ad
697 2333 783 2390 2¹¹1
804 2377 821 2406 7
866 2333 1024 2391 Dist.
1072 2330 1372 2390 communi
1406 2329 1890 2410 presbyterorum
1926 2329 2186 2389 Ecclesiae
2218 2328 2433 2411 guber-

297 2430 599 2490 nabantur
644 2430 931 2497 consiliO,
974 2449 1173 2494 conc.,·
1214 2436 1491 2505 potestate
1543 2448 1646 2485 seu
1699 2426 2079 2500 auctoritate,
2128 2447 2257 2507 neq.
2312 2424 2436 2484 Nisi

297 2527 559 2587 dicamus
581 2571 596 2602 7
625 2522 1110 2609 presbyterorum
1139 2521 1381 2581 nomine
1406 2543 1503 2581 eos
1527 2544 1558 2581 a
1593 2523 1648 2581 S.
1684 2524 1936 2583 Doctore
1966 2521 2296 2603 designari,
2336 2520 2438 2603 qui

373 2776 434 2839 (l)
460 2772 627 2840 Epist.
641 2780 830 2822 mxxviii.
846 2773 960 2821 edit.
980 2775 1060 2821 cit.
1080 2772 1171 2820 Ubi
1187 2788 1324 2838 agens
1409 2770 1721 2831 Marcellam,
1745 2771 1859 2820 edit.
1878 2773 1963 2819 cit.
1983 2789 2031 2818 n.
2059 2769 2087 2817 3
2106 2787 2120 2817 z
2145 2767 2301 2835 Apud
2319 2784 2406 2816 nos
2420 2807 2434 2829 ‚

301 2860 360 2908 de
379 2858 621 2906 Mansione
660 2866 781 2905 sexta
812 2853 1124 2903 Israelitarum
1159 2857 1209 2901 in
1251 2855 1325 2902 de·
1407 2853 1598 2915 scribit,
1629 2851 1968 2918 Apostolorum
2007 2850 2160 2899 locum
2197 2849 2439 2917 Episcopi

301 2949 424 2992 serto
444 2944 494 2990 in
516 2940 660 2999 Elim,
684 2940 894 3004 exponit,
917 2939 1109 2985 nomine
1125 2942 1193 2984 xli
1216 2936 1327 2985 fon·
1407 2944 1587 2985 teuent.
1607 2935 1666 2983 Et
1682 2935 1793 2983 alibi
1810 2937 1997 2999 passim,
2024 2937 2142 2982 utin
2168 2933 2437 2983 Commeat.

303 3028 422 3074 tium
451 3024 698 3089 significari
719 3021 965 3070 duodecim
993 3018 1231 3085 Apostolos
1246 3053 1261 3079 ,
1281 3028 1328 3067 et
1408 3020 1467 3067 iu
1483 3034 1589 3083 cap.
1626 3034 1642 3064 ι
1664 3014 1902 3078 Michaeas,
1923 3018 1974 3064 in
1998 3015 2166 3082 Epist.
2190 3016 2255 3064 ad
2270 3014 2440 3065 Helio·

306 3126 388 3174 per
402 3125 484 3156 ux
502 3106 678 3171 palmas
701 3122 783 3152 ιη
799 3102 1066 3168 ᾶίεοὶρυὶοε,
1095 3101 1299 3150 scribens
1315 3118 1330 3149 ε
1416 3101 1584 3149 dorum
1601 3139 1614 3160 ‚
1652 3111 1740 3149 etc.

306 3190 411 3240 Nec
434 3189 657 3246 dubium,
687 3188 807 3253 quin
830 3186 886 3233 de
911 3184 1162 3233 duodecim
1194 3185 1333 3250 Apo·
1482 3184 1552 3249 (2)
1590 3182 1651 3232 N.
1684 3184 1766 3247 37.
1805 3181 1953 3231 Nihil
1987 3183 2206 3243 interest,
2242 3183 2437 3244 scribit,

306 3272 437 3321 stolis
461 3288 615 3320 sermo
642 3271 706 3318 sit
725 3306 739 3333 ,
785 3268 842 3317 de
873 3285 1078 3333 quorum
1115 3267 1334 3332 fimtibus
1415 3268 1544 3317 inter
1601 3265 1941 3331 Presbyterum
2005 3275 2050 3313 et
2104 3264 2403 3332 Episcopum
2419 3285 2440 3322 ;

309 3354 537 3404 derivatos
564 3371 704 3419 aquae
745 3353 888 3401 totius
921 3350 1097 3398 usundi
1133 3351 1330 3397 siccita-
1415 3349 1581 3399 eadem
1612 3349 1830 3414 diqm'tas
1863 3350 2097 3396 mittentis
2128 3346 2437 3414 (Episcopi)

308 3446 401 3487 tem
429 3439 615 3501 riya-nt.
651 3435 808 3484 Juaeta
847 3434 934 3482 has
957 3449 1109 3498 aquas
1141 3440 1331 3498 septua-
1414 3441 1459 3481 et
1490 3433 1633 3480 missi
1671 3430 1974 3497 (Presbyteri
1983 3431 2032 3495 );
2076 3431 2161 3480 hoc
2199 3432 2319 3480 satis
2349 3430 2439 3476 im-

308 3522 449 3586 qinta
475 3528 724 3567 creverunt
751 3517 927 3585 palmoe
951 3556 964 3577 ‚
997 3531 1113 3581 quos
1134 3523 1180 3562 et
1206 3515 1334 3580 ipsos
1409 3518 1602 3582 perite,·
1638 3516 1850 3581 inportu
1873 3552 1887 3575 ‚
1911 3523 1964 3562 ut
1989 3513 2172 3562 dicitur
2199 3550 2213 3574 ‚
2235 3510 2440 3576 naufra-

311 3602 515 3652 secundi
530 3602 718 3649 ordinis
731 3598 1007 3653 Sacerdotes
1023 3597 1336 3663 intelliqimus
1416 3599 1574 3662 qium.
1619 3596 1741 3665 Opp.
1797 3597 1910 3647 edit.
1954 3596 2152 3647 Vallars.
2194 3603 2309 3644 tom.
2364 3608 2399 3639 11
2424 3630 2438 3651 ,

273 3731 277 3733 a
309 3692 636 3750 proeceptores.
675 3682 729 3731 In
755 3681 974 3749 Epistola
1001 3699 1108 3732 vero
1156 3697 1233 3728 xm
1274 3679 1340 3728 ad
1422 3681 1509 3730 col.
1538 3678 1659 3746 447.
