2612 4146
973 231 1221 268 senona,
2159 207 2241 266 45

120 373 351 432 tialium
384 370 605 451 agenda
644 382 768 430 erat
802 371 1150 451 poenitentia
1186 390 1293 451 per
1332 379 1421 427 tot
1448 367 1571 428 dies
1604 367 1698 429 vel
1733 387 1920 426 annos
1970 366 2065 427 vel
2093 389 2246 449 qua-

129 468 431 549 dragenaS.
459 469 543 525 Ex
567 466 657 524 his
680 477 876 525 autem
897 465 1277 546 quadragenis
1307 462 1606 523 nonnullae
1622 461 1964 521 dicebantur
1985 484 2240 538 carente,

131 564 210 621 ita
246 573 599 644 nuncupatae
626 584 658 621 a
684 563 938 620 carendo
954 606 975 633 ,
1006 582 1073 620 eo
1100 559 1257 641 quod
1286 558 1399 617 illis
1428 558 1642 618 addicti
1670 556 1940 617 omnibus
1981 570 2245 617 carerent

132 668 346 740 praeter
372 678 586 738 panem
613 669 673 739 et
706 678 938 738 aquam.
971 657 1194 716 Harum
1225 675 1566 712 carenarum
1600 654 1850 712 formam
1877 653 2116 714 exhibet
2139 656 2246 714 Eu-

133 751 322 811 sebius
348 752 552 811 Amort
587 752 692 832 (l).

215 846 312 905 86.
359 847 429 905 II.
478 846 563 904 Ad
600 845 1102 927 Indulgentiarum
1143 842 1480 900 ministrum
1525 842 1685 922 quod
1715 843 1960 918 attinet,
2013 843 2246 903 nullum

134 939 380 999 dubium
403 953 514 1015 est7
540 942 682 1022 quin
706 942 976 999 Summus
998 936 1263 996 Pontifex
1279 982 1291 1005 ‚
1319 945 1524 1017 utpote
1553 938 1727 993 totius
1745 937 2005 997 Ecclesiae
2031 950 2207 1020 caput
2229 985 2246 1015 .,

135 1037 233 1117 qui
261 1037 324 1094 in
365 1036 633 1095 universa
658 1034 902 1093 Ecclesia
926 1033 1247 1113 primatum
1274 1041 1438 1090 tenet
1464 1051 1615 1090 verae
1635 1030 2056 1109 jurisdictionis
2075 1079 2091 1108 7
2128 1056 2248 1094 om-

135 1129 309 1188 nibus
340 1130 552 1205 Christi
566 1127 831 1187 fidelibus
850 1125 1248 1206 Indulgentias
1270 1125 1562 1206 plenarias
1590 1124 1782 1186 valeat
1812 1125 2063 1207 elargiri.
2100 1129 2250 1202 Quo·

136 1226 281 1284 circa
306 1225 585 1283 Martinus
607 1224 654 1280 V
675 1267 693 1296 ,
717 1223 780 1280 in
804 1222 1236 1302 Constitutione
1261 1220 1416 1279 edita
1434 1221 1497 1278 in
1518 1220 1774 1280 Concilio
1788 1221 2246 1299 Constantiensi‚

136 1318 483 1401 praescripsit
500 1362 516 1392 7
547 1315 991 1396 interrogandos
1014 1335 1137 1375 esse
1153 1360 1169 1390 ‚
1196 1316 1297 1396 qui
1333 1315 1407 1375 de
1433 1315 1722 1374 erroribus
1742 1315 1989 1376 Wicleffi
2010 1329 2070 1377 et
2094 1319 2248 1378 Huss

136 1413 384 1494 suspecti
412 1422 612 1488 erant,
645 1423 846 1471 utrum
873 1410 1147 1484 credant,
1185 1412 1348 1489 quod
1367 1411 1544 1490 Papa
1571 1412 1852 1470 omnibus
1884 1412 2251 1473 Christianis

133 1529 263 1566 vere
288 1511 561 1566 contritis
601 1518 656 1565 et
681 1511 960 1587 confessis
984 1528 1056 1564 ea·
1090 1527 1276 1565 causa
1293 1510 1412 1584 pia
1448 1516 1502 1564 et
1521 1509 1702 1584 justa
1731 1510 1927 1585 possit
1947 1510 2252 1568 concedere

134 1603 584 1682 Indici-centias:
607 1603 752 1661 item
773 1647 791 1677 ,
828 1602 1048 1661 Utrum
1070 1602 1341 1672 credant,
1372 1602 1537 1680 quod
1548 1603 1787 1682 singuli
1807 1602 2102 1684 Episcopi
2119 1610 2250 1664 suis

134 1698 393 1755 subditis
427 1698 756 1756 secundnm
782 1699 1206 1756 limitationem
1235 1717 1551 1754 sacrorum
1576 1717 1882 1755 canonum
1903 1699 2258 1777 hujusmodi

134 1791 551 1870 Indulgentiae
573 1793 880 1851 concedere
896 1795 1128 1873 possint
1153 1789 1264 1870 (2).
1291 1791 1428 1849 Haec
1449 1802 1645 1850 autem
1672 1790 1942 1850 limitatio
1965 1793 2114 1852 facta
2140 1795 2253 1855 fuit

139 1907 170 1942 a
207 1886 461 1967 generali
500 1888 676 1946 Conc.
724 1886 1100 1946 Lateranensi
1134 1887 1207 1944 lv
1245 1884 1354 1943 sub
1400 1886 1740 1945 Innocentio
1781 1887 1893 1961 ΙΙΙ,
1934 1898 2002 1946 ut
2036 1910 2254 1972 nempe

138 1981 200 2037 in
224 1979 585 2041 dedicatione
613 1979 872 2040 Ecclesiae
894 2001 1016 2038 non
1040 1979 1390 2038 extendatur
1416 1980 1684 2061 Episcopi
1709 1980 2072 2061 Indulgentia
2097 1982 2254 2045 ultra

139 2096 391 2152 annum,
420 2087 479 2135 et
506 2076 659 2135 ultra
687 2075 1071 2156 quadraginta
1100 2074 1307 2134 diesin
1331 2073 1455 2132 aliis
1484 2072 1707 2134 casibus
1732 2074 1840 2154 (3).
1869 2077 1996 2149 Quo
2019 2077 2252 2139 decreto

135 2168 308 2251 plane
335 2171 650 2244 refutatur,
674 2171 754 2229 ait
783 2170 914 2229 Pius
944 2171 1018 2228 VI
1048 2168 1112 2227 in
1138 2169 1307 2228 Brevi
1335 2169 1520 2229 SUPER
1546 2191 1868 2228 sommum
1885 2216 1903 2246 ,
1938 2193 2111 2232 error
2127 2174 2252 2254 Ey-

138 2266 232 2324 hel
242 2307 265 2337 ,
293 2266 430 2324 dum
446 2286 772 2346 perperam
796 2265 1088 2323 disserens
1106 2265 1175 2322 de
1198 2264 1608 2344 Indulqentiis
1636 2266 1893 2324 scrihere
1920 2288 2111 2326 ausus
2133 2280 2219 2327 est
2225 2312 2256 2350 2

139 2362 458 2437 quemlihet
481 2362 857 2441 Episcopum
877 2365 1034 2439 pari
1061 2360 1231 2418 modo
1260 2370 1438 2439 atque
1463 2360 1709 2439 Papam
1722 2382 1894 2441 posse
1929 2363 2255 2444 Indulqen-

139 2457 255 2512 tias
291 2457 596 2514 concedere
638 2455 764 2535 (4);
823 2477 1001 2536 quam
1052 2475 1357 2514 erroneam
1411 2456 1882 2514 consecutionem
1923 2477 1994 2515 ex
2043 2458 2255 2521 iisdem.

141 2547 436 2629 principiis
461 2547 700 2607 deduxit
720 2548 1062 2625 Palmierius
1080 2592 1099 2624 ,
1127 2549 1228 2629 qui
1246 2547 1497 2608 scribere
1523 2550 1745 2608 veritus
1772 2571 1894 2608 non
1918 2561 2006 2609 est
2032 2596 2048 2625 ‚
2081 2554 2251 2612 Pon-⁴

142 2642 356 2702 tificem
382 2642 722 2725 episcopalia
742 2648 874 2721 jura
891 2642 1002 2701 sibi
1016 2664 1307 2702 assumere
1328 2688 1344 2717 7
1367 2643 1510 2702 dum
1534 2644 1822 2725 plenarias
1853 2646 2251 2728 Indulgentias

141 2757 174 2793 a
211 2757 271 2795 se
300 2737 421 2796 solo
445 2737 583 2796 dare
619 2758 789 2818 posse
819 2736 1157 2810 contendit3
1190 2736 1366 2796 stulte
1402 2749 1599 2797 autem
1633 2739 1949 2821 Theologos
1978 2752 2036 2801 et
2060 2743 2250 2803 Cano-

141 2831 321 2890 nistas
340 2876 356 2906 .,
399 2842 463 2890 ut
494 2833 769 2893 Romanae
809 2833 981 2892 curiae
1005 2831 1216 2906 litent,
1249 2830 1310 2891 id
1342 2853 1458 2891 una
1488 2837 1630 2894 voce'
1656 2833 1864 2896 docere
1888 2836 2000 2916 (5)

209 3036 272 3099 (l)
311 3036 400 3103 Op.
440 3040 519 3087 cit.
569 3047 687 3103 part.
733 3056 783 3103 ¹5
816 3038 999 3087 dissert.
1042 3054 1150 3103 prae-
1231 3037 1289 3086 de
1308 3035 1785 3103 Indulqentiis.Tam
1804 3040 1956 3108 Eybel
1975 3059 2116 3108 quam
2135 3041 2242 3091 Pal-

143 3116 244 3166 lim.
273 3137 321 3166 n.
351 3117 402 3180 5,
452 3122 533 3187 qui
563 3129 719 3172 tamen
750 3137 825 3169 eas
856 3129 989 3168 vocat
1015 3117 1148 3168 Kar·
1207 3121 1362 3167 'miei-i
1413 3117 1704 3180 docuerunt,
1741 3122 1950 3186 singulos
1997 3114 2247 3189 Episcopus

145 3213 307 3248 renas.
1229 3219 1357 3266 posse
1399 3202 1740 3268 Indulgentiam
1785 3205 2039 3270 plenariam
2085 3206 2247 3255 saltem

214 3280 277 3345 (2)
313 3281 446 3346 Apud
478 3282 622 3333 Hard.
648 3283 781 3332 Acta
818 3283 1008 3333 Concil.
1031 3293 1143 3332 tom.
1228 3285 1322 3331 suis
1357 3282 1552 3332 subditis
1582 3285 1790 3334 conferre
1819 3303 1873 3351 ex
1908 3285 2055 3335 tribus
2079 3290 2246 3352 princi-

146 3377 260 3423 vlu,
291 3363 381 3411 col.
408 3363 526 3430 915.
1229 3366 1314 3429 piis
1349 3375 1481 3414 antea
1521 3385 1547 3414 a
1580 3384 1627 3415 se
1669 3369 1930 3415 constitutis
1974 3383 1989 3414 :
2039 3376 2085 3416 ιο
2118 3371 2246 3436 quod

214 3442 283 3507 (3)
322 3443 411 3490 Tit.
431 3461 538 3501 mxu,
556 3445 670 3494 ibid.
686 3456 804 3495 tom.
828 3462 911 3506 vu,
938 3445 1028 3494 col.
1060 3442 1144 3493 66.
1230 3446 1525 3514 indulgentia
1546 3465 1643 3496 non
1657 3447 1784 3495 aliud
1800 3447 1863 3496 sit
1876 3465 2018 3514 quam
2039 3453 2244 3500 remissio

211 3526 283 3587 (Io)
309 3522 446 3588 Apud
459 3523 630 3574 Gerdil.
649 3543 756 3592 opp.
772 3525 904 3574 Rom.
926 3536 1042 3575 tom.
1058 3539 1145 3584 ιιι,
1229 3530 1508 3594 poenitentiae
1553 3530 1784 3577 canonicae
1812 3533 1863 3578 in
1904 3530 2005 3579 foro
2029 3541 2214 3581 externo
2227 3551 2244 3596 ς

146 3623 245 3673 pag.
272 3622 323 3673 9.
555 3643 559 3646 .
1234 3618 1288 3657 2⁰
1324 3610 1451 3675 quod
1501 3609 1736 3658 Romanus
1779 3609 1992 3661 Pontifex
2011 3649 2026 3674 ,
2088 3622 2246 3678 utpote

212 3687 282 3751 (ὅ)
295 3685 353 3736 In
369 3688 448 3737 cit.
463 3686 693 3736 Tractatu
707 3680 1152 3754 doqmaticocritieo
1233 3689 1487 3756 Episcopus
1506 3689 1750 3756 peculiaris
1766 3692 1980 3746 Ecclesiae
2000 3693 2250 3759 Romanae;
