2508 4120
261 88 378 149 376

917 107 1236 145 TRACTATUS
1280 107 1348 143 DE
1393 108 1764 147 MA'rltmomo.
1835 124 1839 134 ·

342 253 488 311 291.
540 253 827 324 Demum,
881 248 1038 330 quod
1086 259 1385 330 postremo
1433 247 1559 307 loco
1604 249 2088 325 enunciavimus‚-'
2125 255 2374 333 graviter

254 348 469 408 scilicet
487 365 725 425 peccare
746 344 1029 427 parochos
1044 345 1185 426 ,qui
1206 341 1425 426 absque
1441 345 1904 404 Rom.Pontificis
1921 344 2372 427 dispensatione..

252 463 360 501 nec
381 440 625 500 servatis
647 440 1077 499 conditionibus
1102 460 1228 521 quae
1242 439 1314 498 ab
1335 462 1402 499 eo
1420 441 1655 522 praescri
1666 452 1781 522 ptae
1807 441 2026 500 fuerint
2044 484 2061 514 ,
2089 442 2377 505 connubia

256 535 439 594 mixta
470 537 784 616 praesentia
822 557 923 594 sua
945 581 960 610 ,
1002 534 1438 610 benedictione,
1474 535 1660 596 aliove
1692 537 1810 594 ritu
1845 557 2007 596 sacro
2035 536 2380 597 cohonesta—

260 642 394 690 rent
415 676 431 705 7
486 643 687 712 aperte
732 631 996 712 sequitur
1039 653 1110 690 ex
1154 631 1435 691 hactenus
1490 630 1834 713 disputati83
1893 631 2180 692 violarent
2223 633 2382 692 enim

257 747 508 786 canones
533 726 606 785 ab
635 725 881 786 Ecclesia
905 727 1192 800 sancitos3
1219 738 1672 809 cooperarentur
1700 727 1944 809 positive
1970 727 2214 786 aliorum
2230 733 2383 809 'pec-

258 833 421 896 cat03
458 823 1009 902 transgrederentur
1030 823 1244 881 limites
1273 822 1384 881 sihi
1417 824 1810 904 praestitutos3
1853 823 2180 903 gravissimi
2205 844 2378 882 scan-

258 917 378 976 dali
393 940 452 977 se
466 939 594 978 reos
620 918 946 994 efficerent,
970 917 1291 1001 probarent
1311 917 1652 998 sacrilegum
1669 919 2001 997 conjugium
2021 963 2037 992 ,
2073 928 2382 1000 actumque

260 1012 513 1096 denique
558 1036 798 1097 prorsus
834 1014 1125 1095 illegalem
1154 1026 1480 1096 ponerent;
1523 1035 1650 1096 quae
1678 1014 1936 1096 profecto
1975 1014 2193 1096 absque
2224 1014 2383 1094 gravi

261 1111 742 1191 praevaricatione
770 1112 899 1171 fieri
933 1123 1240 1192 nequeunt
1280 1111 1390 1190 (1).

1103 1261 1582 1304 DIFFICULTATES.

343 1402 487 1461 292.
538 1401 649 1481 obj
661 1449 673 1460 .
703 1403 913 1485 prima.
939 1402 1218 1463 adversus
1245 1403 1419 1484 prim.
1447 1414 1602 1484 part.
1636 1404 1753 1462 Nec
1783 1404 1946 1462 Rom.
1977 1402 2243 1462 Pontifex
2267 1401 2387 1461 dis-

266 1519 519 1579 pensare
550 1510 745 1580 potest
774 1500 835 1556 in
867 1499 1252 1557 Matrimoniis
1283 1497 1715 1557 Catholicorum
1749 1520 1879 1557 cum
1905 1498 2216 1575 haereticiS,
2241 1519 2348 1557 nec
2367 1543 2382 1572 .

263 1587 311 1649 si
343 1591 642 1673 dispenset
667 1638 683 1665 7
711 1593 867 1652 licite
896 1615 961 1652 ea
990 1594 1127 1651 iniri
1150 1605 1430 1673 possunt3
1467 1615 1605 1653 nam
1637 1595 1698 1651 1ο
1724 1594 1787 1652 in
1812 1593 2084 1652 omnibus
2108 1594 2384 1673 conjugiis

261 1687 464 1745 mixtis
504 1687 881 1747 manifestum
934 1689 1088 1747 inest
1124 1689 1515 1770 perversionis
1565 1689 1892 1770 periculum
1941 1700 2069 1747 tum
2119 1710 2191 1747 ex
2222 1699 2388 1769 parte

262 1781 519 1859 conjugis
570 1781 839 1841 catholici
886 1794 1013 1841 tum
1050 1806 1121 1842 ex
1162 1795 1329 1865 parte
1367 1783 1566 1866 prolis,
1625 1787 1692 1844 2ο
1721 1784 2089 1867 Experientia
2128 1785 2388 1865 profecto

258 1974 545 2023 celebratum
599 1976 737 2025 fuerit
781 1994 890 2025 cum
940 1976 1279 2042 dispensatione

258 2055 436 2105 Urbani
451 2075 531 2105 vm
553 2095 566 2118 ‚
585 2068 629 2107 et
651 2070 822 2108 secreta
843 2059 1065 2125 capitula,
1093 2060 1150 2108 de
1175 2063 1282 2125 qui-

257 2135 350 2186 bus
373 2142 584 2204 superius
602 2140 826 2199 disserui,
852 2142 1026 2189 fuerint
1055 2144 1280 2206 apposita.

255 2220 490 2270 Praedictis
524 2225 718 2271 omuino
748 2224 999 2271 conformis
1027 2234 1091 2270 est
1110 2227 1281 2271 instru-

255 2306 345 2353 ctio
401 2302 453 2353 S.
484 2305 856 2370 Congregationis
897 2306 1035 2354 Card.
1085 2305 1281 2353 Concilii

260 2386 390 2436 Trid.
441 2389 744 2453 interpretum
806 2391 926 2435 circa
993 2390 1282 2435 matrimonia

255 2472 398 2518 mixta
427 2505 441 2531 ‚
478 2471 552 2518 die
588 2469 646 2519 15
669 2470 783 2519 Jun.
824 2470 973 2537 1793,
1003 2474 1201 2529 emissa,
1238 2481 1284 2517 et

254 2570 278 2600 a
311 2551 391 2600 Pio
408 2568 454 2598 v1
469 2552 718 2617 approbata
733 2552 807 2600 die
845 2553 1123 2618 19ejusdem
1152 2570 1282 2600 men-

252 2636 312 2680 sis
332 2670 345 2690 ,
377 2649 431 2681 ac
457 2636 591 2681 missa
623 2634 681 2681 ad
712 2644 913 2699 pastores
946 2635 1145 2683 ducatus
1180 2634 1278 2682 Cli-

250 2718 447 2776 viensis,
486 2719 536 2764 iu
572 2736 664 2783 qua
700 2721 938 2783 sequentia
986 2718 1275 2766 observanda

248 2799 607 2863 praescribuntur
628 2837 640 2858 ‚
688 2800 750 2846 ne
776 2837 789 2859 ‚
837 2809 887 2847 ut
918 2799 1103 2847 additur
1133 2837 1144 2857 ‚
1181 2816 1272 2864 ap-

240 2882 574 2947 probationem
610 2883 771 2947 sapiat
791 2881 1064 2930 tolerantia.
1091 2910 1156 2917 —-
1175 2882 1273 2929 Ca·

248 2963 477 3012 tholicum
503 2980 610 3031 prae
629 2965 853 3012 omnibus
877 2963 950 3013 vel
971 2963 1274 3013 Catholicam

236 3046 448 3111 parochi
478 3055 705 3094 moneant
733 3083 747 3106 ‚
788 3048 913 3111 quod
950 3045 1271 3095 contrahendo

248 3126 627 3177 Matrimonium
657 3145 765 3177 cum
785 3128 1054 3176 acatholica
1070 3129 1145 3177 vel
1156 3145 1270 3177 aca-

239 3209 413 3258 tholico
471 3210 630 3259 valide
679 3210 871 3276 quidem
930 3211 1218 3259 contrahant
1250 3249 1263 3271 ‚

243 3290 323 3337 sed
354 3290 536 3340 illicite.
583 3291 742 3356 Atque
779 3292 895 3340 hinc
917 3290 1065 3356 plane
1100 3307 1263 3338 conse-

239 3373 407 3436 quitur
424 3409 437 3432 ,
470 3373 601 3421 nullo
625 3383 736 3422 actu
748 3376 960 3440 positivo
978 3375 1106 3439 ipsos
1127 3389 1266 3438 posse

245 3453 411 3502 isthoec
438 3456 765 3505 Matrimonia
790 3457 997 3523 probare
1018 3494 1032 3515 ‚
1066 3465 1151 3504 aut
1176 3473 1263 3504 suo

242 3552 458 3600 expresso
489 3553 722 3586 consensu
754 3549 799 3586 et
824 3540 1104 3587 auctoritate
1145 3554 1257 3586 con-

241 3619 458 3681 firmare.
495 3620 801 3688 Quapropter
824 3661 836 3683 ‚
862 3626 910 3670 si
940 3631 1174 3686 coqantur
1201 3624 1259 3669 in

1376 1976 1466 2025 hac
1504 1984 1769 2042 temporum
1799 1976 2097 2033 conditione,
2129 1986 2172 2025 et
2193 1985 2390 2043 propter

1365 2046 1487 2122 leqes
1531 2060 1587 2106 in
1617 2059 1937 2109 transactione
1969 2058 2218 2124 reliqionis
2263 2060 2388 2107 anni

1374 2138 1499 2206 1673
1525 2140 1870 2206 praescriptas,
1910 2138 2249 2188 Matrimoniis
2289 2140 2387 2188 Ca-

1366 2220 1645 2268 tholicorum
1680 2239 1790 2270 cum
1807 2222 2006 2269 muliere
2028 2220 2293 2270 acatholica
2308 2238 2385 2270 as-

1365 2304 1531 2350 sistere
1550 2340 1565 2360 ,
1597 2311 1821 2367 sataqant
1841 2341 1853 2363 ‚
1886 2312 1938 2350 ut
1968 2319 2016 2350 se
2047 2315 2171 2350 mere
2193 2304 2384 2368 passive

1368 2384 1610 2444 habeant,
1651 2395 1790 2450 atque
1841 2394 2070 2450 tanquam
2103 2388 2251 2434 inviti
2291 2403 2383 2434 au-

1366 2468 1508 2516 diant
1553 2474 1805 2533 utriusque
1845 2474 2160 2533 consensum3
2196 2485 2386 2517 verum-

1367 2558 1526 2598 tamen
1556 2551 1831 2599 abstineant
1866 2555 2063 2599 omnino
2093 2569 2122 2599 a
2154 2551 2385 2618 precibus

1362 2632 1644 2694 recitandis,
1661 2651 1691 2682 a
1705 2634 2031 2682 benedictione
2045 2633 2382 2699 impertienda,

1361 2725 1504 2779 atque
1554 2716 1615 2763 ab
1669 2718 1804 2764 omni
1858 2715 1957 2764 alio
2009 2714 2242 2776 Ecclesia!
2281 2717 2383 2763 ritu

1359 2797 1644 2846 adhibendo.
1695 2797 1911 2845 Caveant
1942 2799 2173 2862 insuper,
2230 2813 2289 2845 ne
2327 2799 2382 2845 in

1351 2880 1669 2944 publicandis
1700 2880 2042 2928 Matrimoniis
2072 2879 2239 2928 mixtis
2273 2878 2385 2927 reli-

1355 2956 1547 3018 qz'onem
1597 2956 1875 3020 exprimant
1913 2954 2239 3003 contrahentis
2272 2971 2384 3003 aca-

1620 3036 1702 3083 sed
1741 3036 2127 3084 contrahentium
2193 3046 2380 3086 tantum

1355 3125 1612 3168 enuntient
1639 3122 1843 3168 nomina
1868 3127 1913 3167 et
1937 3123 2241 3185 coqnomina.
2274 3119 2385 3168 Ab·

1353 3204 1563 3250 stineant
1603 3218 1775 3250 rursus
1796 3219 1825 3249 a
1853 3202 2167 3250 concedendis
2206 3202 2378 3249 dimis-

1352 3287 1517 3344 soriis,
1534 3285 1623 3333 ubi
1641 3283 1905 3333 secundum
1923 3300 2128 3331 canones
2143 3282 2378 3332 Ecclesiae

1353 3368 1599 3417 catholicae
1634 3370 1922 3416 canonicum
1980 3368 2175 3432 aliquod
2221 3374 2374 3433 impe-

1355 3449 1621 3498 dimentum
1656 3452 1722 3497 sit
1740 3452 1870 3497 inter
1891 3449 2218 3497 contrahentes
2233 3483 2249 3508 ,
2279 3460 2368 3498 etc.

1348 3534 1444 3583 Csr·
1473 3535 1591 3583 ibid.
1619 3553 1721 3600 pag.
1748 3532 1812 3582 63
1845 3545 1887 3582 et
1917 3551 2013 3599 seq.

1418 3618 1483 3681 (l)
1524 3617 1621 3666 cfr.
1645 3617 1885 3676 Sei-arius,
1908 3633 1986 3679 op.
2018 3617 2094 3663 cit.
2126 3631 2223 3678 cap.
2248 3612 2296 3660 3.

1358 3035 1525 3083 tlzolici
1551 3056 1566 3092 ;
