2612 4146
378 160 491 219 110

1096 181 1418 221 TRACTATUS
1462 187 1529 223 m:
1573 185 1776 222 ORDINE
1787 182 1819 221 .'

767 351 826 386 IN
872 348 1199 385 nocrnuuhl
1243 350 1457 388 CAPITIS
1500 351 1823 392 summotus
1866 353 2116 394 SGHOLIA.

462 495 561 555 77.
613 494 838 551 Horum
879 491 1235 551 scholiorum
1264 515 1364 552 seu
1393 493 1968 556 animadversionum
1988 497 2292 582 *obJectum
2324 512 2497 562 sunt:

383 593 448 650 1⁰
465 586 900 649 sacramentalis
928 587 1179 668 dignitas
1199 635 1213 662 7
1239 602 1531 671 quatenus
1555 612 1771 672 nempe
1794 603 1855 652 et
1881 592 2093 675 quibus
2117 616 2189 653 ex
2211 597 2508 656 recensitis

376 683 703 746 ‘Ordinibus
739 696 1069 766 competat3
1111 686 1180 742 20
1222 686 1516 744 Ordinum
1556 708 1875 762 numerus7
1905 690 2232 770 *institutio7
2272 691 2506 769 munia3

385 782 451 842 3⁰
487 779 699 862 gradus
723 826 739 855 7
789 782 1037 840 varietas
1062 827 1078 855 7
1125 781 1483 841 vicissitudo,
1528 785 1614 841 De
1647 783 1739 840 his
1784 782 2323 868 enimlsingillatim
2363 807 2514 845 con-

382 877 666 942 troversia
702 876 890 958 aliqua
923 878 1079 957 viget
1104 878 1262 937 inter
1291 878 1609 958 Theologos
1646 889 1704 937 et
1739 877 1999 936 eruditos
2036 878 2321 940 homines,
2367 883 2515 939 Cum

384 972 554 1032 nobis
598 974 1074 1055 proposuerimus
1119 973 1345 1032 nullam
1396 973 1780 1032 domesticam
1828 973 2210 1054 quaestionem
2254 976 2468 1055 agitare
2494 1022 2510 1050 7

382 1069 601 1130 idcirco
622 1115 638 1143 7
656 1069 922 1151 deposito
946 1069 1108 1127 omni
1133 1069 1526 1128 contentionis
1550 1069 1742 1128 studio
1762 1115 1777 1143 7
1797 1068 1939 1150 quid
1964 1069 2330 1131 verisimilius
2346 1075 2518 1149 juxta

382 1166 852 1226 vcommuniorem
900 1165 1235 1225 doctrinam
1272 1165 1345 1225 de
1387 1165 1500 1224 illis
1549 1165 1926 1249 sentiendum
1979 1163 2149 1224 nobis
2209 1165 2479 1227 videatur
2501 1211 2518 1242 7

389 1284 506 1346 qua
538 1263 664 1322 fieri
692 1262 910 1344 poterit
930 1307 945 1335 7
970 1261 1263 1323 brevitate
1295 1272 1355 1321 et
1390 1263 1807 1345 perspicuitate
1835 1263 2188 1343 aperiemus·

471 1358 570 1417 73.
617 1358 660 1416 Ι.
688 1357 852 1417 Circa
876 1357 1222 1437 dignitatem
1246 1357 1734 1418 sacramentalem
1757 1357 1947 1439 prima
1966 1402 1981 1432 7
2001 1377 2128 1439 quae
2151 1379 2212 1416 se
2234 1378 2295 1416 se
2319 1357 2488 1418 offert
2505 1404 2521 1435 7

385 1455 786 1515 controversia
824 1466 914 1514 est
956 1452 1029 1513 de
1069 1454 1454 1536 Episcopatu7
1492 1466 1694 1513 utrum
1727 1474 1943 1535 nempe
1978 1454 2225 1533 spectari
2276 1453 2522 1528 debeat7

392 1563 568 1633 prout
591 1574 622 1609 a
647 1551 1059 1631 presbyteratu
1085 1551 1483 1632 distinguitur-7
1519 1562 1803 1631 tanquam
1830 1551 1972 1609 ordo
1998 1571 2061 1608 ac
2082 1551 2524 1610 Sacramentum

391 1668 501 1706 nec
530 1667 625 1705 ne.
667 1647 728 1705 Si
751 1647 986 1706 Ordinis
1026 1647 1267 1706 nomine
1299 1647 1653 1726 significetur
1674 1647 1939 1726 'qr-aolus,
1979 1629 2143 1703 nulla
2173 1656 2368 1727 potest
2403 1666 2528 1704 esse

393 1743 729 1817 contenti03
763 1765 899 1802 cum
934 1742 1007 1802 de
1041 1742 1157 1802 fide
1194 1743 1269 1801 sit
1299 1742 1611 1801 definitum
1632 1787 1648 1816 7
1677 1742 1801 1800 dari
1829 1748 1896 1800 in
1931 1744 2202 1803 Ecclesia
2236 1742 2528 1802 catholica

394 1840 809 1898 hierarchiam
859 1840 1077 1897 divina
1131 1840 1531 1897 Ordinationes
1581 1843 1929 1896 institutam
1947 1885 1963 1908 ,
2010 1858 2147 1917 quoe
2191 1849 2421 1897 constat
2458 1859 2530 1896 ea*

392 1937 714 2016 Episcopis
731 1984 748 2006 ,
765 1937 1141 2015 Presbyterz's
1162 1947 1219 1996 >et
1239 1941 1368 1994 min
1377 1940 1544 1994 istrz's
1562 1935 1673 2013 (1).
1692 1934 2097 1993 Controversia
2122 1934 2320 2014 itaque
2341 1934 2497 2013 viget
2512 1977 2530 2008 7

395 2055 497 2093 seu
528 2036 722 2116 potius
752 2033 939 2114 viguit
971 2033 1044 2092 de
1069 2033 1450 2117 Episcopatu7
1482 2043 1771 2114 quatenus
1797 2032 2041 2091 nomine
2065 2031 2284 2089 ordinis
2310 2031 2532 2111 signifi-

396 2140 561 2188 catur
587 2130 713 2212 ipse
733 2130 877 2188 ritus
899 2129 1370 2188 consecrationis,
1396 2131 1628 2187 Veteres
1653 2127 1918 2209 plerique
1944 2127 2533 2186 scholasticicensue-

400 2237 543 2284 runt
566 2270 582 2297 7
614 2227 1027 2307 Episcopatum
1056 2247 1249 2306 neque
1294 2224 1577 2283 Ordinem
1619 2245 1741 2282 esse
1779 2224 2014 2304 proprie
2043 2222 2266 2281 dictum
2287 2267 2303 2296 7
2341 2244 2533 2303 neque

400 2322 648 2404 proinde
675 2324 1119 2381 Sacramentum
1142 2367 1157 2395 7
1199 2320 1303 2380 sed
1325 2320 1509 2379 solam
1543 2320 1952 2380 extensionem
1978 2318 2418 2399 Presbyteratus
2442 2319 2531 2399 (2)

470 2544 534 2605 (l)
567 2541 685 2591 Sess.
711 2557 823 2589 xxm
846 2578 859 2601 7
891 2559 998 2590 can,
1031 2559 1095 2589 vt,

475 2627 547 2691 (Ξ)
586 2625 637 2675 S·
673 2626 844 2673 Tbom.
882 2628 933 2673 in
961 2623 995 2689 4
1029 2634 1150 2672 sent.
1188 2623 1295 2671 dist.
1331 2620 1432 2685 243

1513 2556 1560 2598 v,
1599 2557 1701 2603 pag.
1731 2536 1845 2603 369.
1877 2538 2017 2587 Card.
2054 2548 2203 2586 autem
2233 2537 2537 2603 Raymundus

1515 2622 1844 2686 Capisucchius
1870 2621 1986 2670 Ord.
2028 2621 2104 2669 Pr.
2149 2624 2198 2669 iu
2233 2621 2534 2670 Controvers.

407 2728 460 2775 q.
495 2726 524 2756 2
544 2746 557 2768 7
593 2714 684 2757 art.
717 2725 744 2755 2
766 2745 779 2771 7
824 2709 880 2755 ad
920 2709 1248 2773 quaestionem,
1274 2712 1433 2754 utrum

413 2790 715 2857 Episcopatus
745 2793 802 2838 sit
829 2789 954 2838 Ordo
972 2827 985 2849 7
1011 2806 1134 2854 resp.
1164 2788 1433 2854 Episcopa-

406 2882 485 2922 tus
512 2890 611 2921 nou
639 2881 708 2921 est
739 2872 890 2921 Ordo.
921 2871 999 2919 Sic
1032 2873 1171 2920 etiam
1204 2869 1255 2920 S.
1287 2871 1435 2919 Bona-

410 2967 604 3006 ventura
644 2955 696 3004 in
724 2955 934 3004 eamdem
965 2954 1076 3002 dist.
1117 2972 1167 3020 q.
1216 2953 1279 3013 3,
1318 2969 1432 3001 cou-

409 3040 566 3089 cludit
595 3056 609 3087 :
645 3036 973 3105 Episcopatus
1011 3038 1211 3103 proprie
1243 3052 1342 3083 uon
1367 3044 1436 3083 est

417 3122 552 3171 Ordo
572 3160 585 3183 7
618 3133 663 3171 et
695 3124 750 3184 in·
774 3138 904 3185 corp.
940 3124 1068 3169 artic.
1096 3117 1432 3185 Episcopatus,

410 3208 570 3272 inquit
588 3242 602 3268 7
621 3212 767 3271 prout
793 3203 1118 3267 distinquitur
1149 3211 1314 3251 contra
1343 3200 1437 3249 Sa-

411 3289 705 3351 cerdotium,
729 3287 851 3336 dicit
875 3287 1158 3351 diqnitatem
1176 3284 1437 3351 quamdam

414 3370 490 3418 vel
510 3371 716 3437 officium
736 3369 968 3437 Episcopi
984 3378 1248 3430 annexum,
1278 3377 1321 3417 et
1337 3383 1438 3415 uon

417 3463 486 3503 est
503 3456 703 3518 proprie
744 3470 917 3501 nomen
951 3451 1162 3500 Ordinis
1181 3488 1194 3512 7
1229 3467 1315 3498 uec
1349 3466 1438 3497 no-

417 3552 506 3585 vus
545 3534 789 3583 character
819 3537 1123 3601 imprimitur
1144 3572 1157 3593 7
1200 3550 1285 3580 nec
1315 3549 1440 3580 nova

411 3618 619 3686 potestas
652 3618 796 3665 datur
810 3653 826 3678 7
862 3619 945 3666 sed
959 3626 1169 3684 potestas
1195 3617 1308 3664 data
1332 3633 1437 3662 am-

414 3700 618 3766 pliatur.
656 3698 780 3764 Opp.
808 3701 921 3750 edit.
951 3701 1093 3749 Rom.
1136 3695 1264 3765 1596
1287 3737 1299 3759 7
1321 3705 1438 3748 tom.

1524 2703 1751 2769 Theoloq.
1782 2703 1963 2752 selectis
1991 2740 2008 2765 7
2041 2704 2195 2751 Romae
2240 2702 2364 2768 1670
2383 2738 2399 2762 7
2426 2720 2537 2750 con-

1517 2797 1706 2836 trovers.
1737 2804 1885 2835 xxvm
1908 2824 1920 2846 7
1950 2785 2031 2834 Dc
2056 2785 2355 2851 Episcopatu
2377 2818 2393 2843 ‚
2423 2782 2450 2850 ᾗ
2486 2802 2534 2845 27

1517 2869 1652 2918 affert
1669 2870 1910 2932 octoyinta
1925 2877 2159 2927 auctores,
2175 2884 2290 2932 quos
2313 2868 2410 2931 ipse
2430 2883 2539 2931 pro-

1516 2953 1676 3001 fitetur
1711 2952 1806 3000 fere
1838 2968 1998 2998 omnes
2032 2950 2195 2998 vidisse
2214 2988 2226 3010 7
2258 2951 2338 3016 qui
2369 2960 2541 3014 negant

1518 3035 1845 3100 Episcopatum
1880 3052 1975 3083 esse
1997 3033 2224 3081 Ordinem
2254 3069 2271 3095 7
2304 3044 2349 3082 et
2383 3036 2542 3098 singu-

1517 3119 1669 3166 lorum
1687 3117 1786 3165 loca
1804 3118 2017 3165 distincte
2045 3119 2255 3181 apponit.
2279 3116 2374 3163 Hoc
2389 3118 2543 3180 ipsum

1520 3210 1843 3266 argumentum
1869 3200 1971 3248 fuse
1986 3202 2293 3265 prosequitur.
2314 3197 2441 3246 Adeo
2463 3215 2544 3247 ve·-

1518 3301 1625 3332 rum
1642 3294 1709 3332 est
1730 3319 1741 3342 ‚
1757 3282 1882 3348 quod
1899 3284 2078 3347 scripsit
2095 3281 2268 3341 Canus,
2287 3281 2324 3328 T
2329 3281 2544 3344 heologo-

1521 3384 1627 3414 rum
1657 3382 1907 3414 numerum
1948 3365 2142 3412 obruere
2186 3366 2424 3412 ne'minem
2458 3362 2542 3410 de-

1520 3449 1629 3498 bere
1659 3451 1669 3497 Ξ
1707 3447 1935 3497 Adderem
1978 3458 2022 3495 et
2057 3447 2254 3512 pondus.
2303 3444 2545 3511 Siquidem

1521 3542 1685 3597 praeter
1698 3531 1972 3595 Magistrum
1990 3530 2332 3579 Sententiarum
2346 3564 2359 3587 7
2371 3525 2545 3574 S.Tho·

1524 3632 1623 3662 mas
1644 3652 1656 3675 7
1707 3626 1756 3661 ut
1807 3614 2007 3662 vidimus
2032 3654 2039 3662 ,
2087 3612 2139 3661 S.
2189 3611 2506 3659 Bonaventura
2530 3644 2542 3667 7

1526 3696 1686 3745 Scotus
1716 3735 1729 3758 ,
1775 3684 2073 3745 Innocentius
2110 3694 2183 3752 V,
2224 3692 2375 3741 Estius
2399 3727 2412 3751 7
2460 3699 2548 3737 etc.
