2612 4146
340 149 419 210 64
876 174 1204 213 mac-rmus
1249 174 1317 209 mi
1361 172 1623 213 nnuma
1667 176 1970 217 vacuous.

419 318 523 377 28.
572 319 751 399 Resp.
790 318 860 375 2⁰
899 319 1043 395 Ney.
1078 314 1312 374 nullum
1354 316 1646 379 Extremae
1685 319 1992 380 Unctionis
2033 320 2367 395 meminisse
2402 341 2476 380 ex

336 412 719 496 scriptoribus
756 414 831 471 IV
852 412 1122 493 priorum
1151 410 1482 472 seculorum
1506 458 1522 487 .‚
1555 412 1651 476 vel
1684 414 1759 475 de
1793 415 1998 475 collata
2037 417 2310 475 Extrema
2346 417 2474 476 Un-

334 511 529 570 ctione
559 512 906 569 Sanctorum
934 499 1287 590 biographos
1317 530 1555 591 prorsus
1587 508 1811 571 siluisse
1842 533 2027 594 usque
2060 512 2136 571 ad
2160 511 2335 571 secul.
2367 513 2468 573 IX.

330 606 565 666 Etenim
589 626 658 664 ex
691 603 903 662 Graecis
930 604 1327 664 recensuimus
1368 606 1445 663 ΙΙΙ
1482 604 1658 665 seculi
1689 606 2003 685 origenem
2023 654 2039 683 ,
2073 609 2147 667 IV
2177 619 2237 668 et
2276 609 2318 665 V
2352 629 2468 668 sec.

330 703 623 761 Victorem
671 697 1108 759 Antiochenam
1130 746 1146 775 7
1201 699 1688 782 Chrysostomum
1716 747 1732 777 .,
1785 702 2102 782 Cyrillum3
2157 725 2228 763 ex
2274 703 2470 762 latinis

329 795 738 857 Innocentium
756 840 771 869 7
802 795 1159 865 possidium,
1186 799 1287 879 qui
1318 818 1523 856 omnes
1555 796 1628 856 de
1651 796 1760 856 hoc
1785 798 2159 859 Sacramento
2184 811 2468 882 tanquam

325 892 398 951 de
428 913 492 951 re
518 890 918 971 vulgatissima
949 903 1009 951 et
1032 891 1107 952 ab
1133 891 1425 975 Apostolis
1455 914 1520 952 ac
1549 892 1823 952 Patribus
1852 906 2086 976 recepta
2105 894 2284 955 locuti
2308 908 2466 956 sunt.

323 991 611 1049 Praeterea
636 986 732 1048 vel
753 1009 783 1046 a
805 988 1013 1071 primis
1038 989 1182 1071 ipsis
1207 987 1471 1048 Ecclesiae
1500 988 1798 1069 gallicanae
1821 988 2191 1049 incunabulis
2218 1012 2251 1050 a
2281 992 2338 1050 S.
2358 994 2471 1053 Ne·

323 1085 570 1168 potiano
608 1082 840 1143 cuidam
899 1083 1159 1144 Artemio
1210 1083 1684 1144 administratam
1733 1087 2072 1145 Extremam
2115 1086 2470 1148 Unctionem
2526 1102 2527 1105 ’

325 1181 509 1242 refert
534 1180 849 1261 Gregorius
880 1180 1236 1240 Turonensis
1269 1180 1395 1260 (1)3
1421 1193 1753 1263 susceptam
1775 1203 1807 1239 a
1832 1182 1888 1240 S.
1915 1180 2188 1261 Eugendo
2216 1180 2429 1243 abbate
2449 1229 2466 1260 ‚

325 1279 427 1361 qui
444 1278 591 1338 circa
612 1299 838 1336 annum
859 1276 979 1335 510
1005 1277 1125 1336 vita
1155 1276 1389 1336 functus
1413 1288 1533 1351 est,
1560 1289 1772 1337 testem
1800 1277 2085 1338 habemus
2113 1279 2467 1361 coaequalem

324 1380 448 1455 ejus
484 1373 877 1457 biographum
901 1374 992 1455 (2)
1011 1419 1027 1448 ,
1052 1384 1120 1432 ut
1148 1384 1374 1433 taceam
1400 1372 1473 1433 de
1508 1375 1563 1433 S.
1598 1375 1818 1454 Regina
1849 1373 2142 1434 Chlotilde
2160 1420 2176 1450 7
2216 1397 2378 1457 quae,
2405 1387 2473 1436 ut

323 1471 538 1553 legitur
560 1471 622 1530 in
651 1475 774 1550 ejus
806 1470 948 1530 actis
967 1516 983 1546 ‚
1007 1471 1170 1553 prius
1198 1473 1459 1529 inuncta
1482 1480 1566 1529 est
1593 1493 1634 1528 a
1661 1472 2081 1541 Sacerdotibus
2107 1473 2222 1531 oleo
2248 1484 2470 1544 sancte,

327 1567 543 1628 deinde
567 1566 927 1627 Eucharistia
966 1566 1219 1641 refecta3
1262 1565 1506 1648 aliisque
1537 1588 1661 1625 non
1689 1568 1889 1649 paucis
1909 1612 1926 1642 ,
1965 1566 2064 1650 qui
2103 1588 2310 1626 omnes
2332 1579 2472 1628 ante

326 1665 501 1726 secul.
546 1666 626 1724 IX
650 1662 982 1724 floruerunt
1005 1662 1121 1744 (3).

405 1765 510 1823 29.
563 1760 654 1822 Ad
693 1762 814 1837 2¹1¹,
848 1760 1003 1843 Neq.
1050 1759 1286 1820 Etenim
1319 1760 1437 1841 agit
1476 1759 1756 1841 Origenes
1788 1759 1901 1820 loc.
1951 1759 2051 1819 cit.
2089 1771 2218 1818 tum
2241 1759 2315 1821 de
2348 1761 2475 1821 Poe-

325 1859 577 1921 nitentia
614 1870 746 1917 tum
783 1856 858 1917 de
882 1858 1158 1917 Extrema
1186 1857 1514 1931 Unctione3
1552 1856 1775 1939 duplex
1803 1878 1979 1939 porro
2019 1858 2273 1938 assignat
2317 1856 2473 1916 inter

326 1968 651 2038 utrumque
668 1956 1114 2014 Sacramentum
1131 1952 1444 2013 discrimen
1465 1976 1479 2012 ε
1497 1956 1779 2034 primum
1795 1952 1954 2035 quod
1971 1954 2242 2013 Extrema
2260 1954 2471 2012 Unctio

330 2075 440 2138 per
469 2052 698 2129 oleum,
726 2063 787 2112 et
807 2049 1047 2134 quidem
1070 2048 1205 2110 solis
1233 2049 1484 2109 infirmis
1510 2047 1957 2109 administretur
1976 2095 1993 2126 ,
2018 2071 2141 2109 non
2161 2049 2305 2109 item
2332 2069 2472 2110 vero

331 2149 728 2226 Poenitentia3
772 2149 1068 2216 alterum,
1108 2144 1267 2227 quod
1309 2166 1419 2226 per
1462 2145 1884 2205 Poenitentiam
1932 2156 1992 2204 et
2034 2143 2472 2204 Confessionem

325 2246 593 2327 graviora
623 2254 890 2327 peccata,
933 2263 1040 2324 per
1074 2241 1427 2300 Unctionem
1459 2262 1602 2301 vero
1636 2239 1853 2302 leviora
1891 2239 2291 2300 remittantur.

411 2342 512 2422 30.
565 2340 654 2401 Ad
703 2339 787 2399 3m
805 2384 822 2416 ‚
867 2340 1030 2399 Dist.
1080 2335 1438 2397 Adscribunt
1491 2334 1729 2396 adducti
1766 2337 1968 2396 Patres
2020 2335 2303 2395 haereticis
2354 2357 2473 2394 un-

326 2440 584 2498 ctionem
612 2435 1079 2518 superstitiosam
1110 2433 1325 2514 ignotis
1370 2430 1753 2514 barbarisque
1796 2431 2034 2493 vocibus
2080 2429 2353 2491 collatam
2395 2430 2472 2491 ad

323 2534 521 2594 nescio
551 2554 729 2615 quam
756 2529 1231 2612 redemptionem
1254 2526 1641 2587 obtinendam
1661 2573 1677 2602 ‚
1703 2548 1897 2596 conc.,·
1922 2538 2101 2610 prout
2127 2527 2190 2586 in
2220 2526 2471 2587 Ecclesia

326 2628 609 2690 catholica
644 2626 1043 2688 administrari
1081 2625 1425 2701 consuevit,
1475 2646 1605 2705 neq.
1656 2623 1884 2684 Scilicet
1902 2670 1916 2698 ,
1966 2622 2470 2706 quemadmodum

328 2726 623 2808 Baptisma
647 2770 665 2799 ,
715 2722 1140 2783 Eucharistiam
1186 2721 1415 2803 aliaque
1464 2721 1839 2779 Sacramenta
1888 2719 2146 2778 haeretici
2189 2718 2276 2777 illi
2322 2717 2469 2777 faede

327 2830 730 2896 temerarunt‚
760 2819 842 2878 ita
875 2829 935 2878 et
963 2819 1410 2877 Sacramentum
1441 2817 1730 2876 Extremae
1753 2815 2056 2875 Unctionis
2086 2814 2462 2873 simularunt.

327 3042 636 3093 credebantur
669 3049 960 3106 peccatorum
999 3036 1219 3086 oneribus
1258 3053 1356 3084 non
1445 3038 1670 3085 Avernas
1699 3042 1898 3083 sanctus
1930 3034 2237 3100 Nepotianus
2264 3044 2467 3099 quartus

327 3127 560 3186 detineri,
602 3124 898 3172 infirmorum
938 3123 1209 3168 unctionem
1233 3121 1356 3168 acci·
1440 3118 1703 3167 habebatur
1733 3116 2065 3184 Episcopus...
2100 3119 2155 3166 A
2187 3127 2349 3166 sancto
2370 3134 2464 3167 au·-

329 3219 508 3274 perent.
544 3207 644 3256 Cfr.
675 3207 875 3272 Launoj.
918 3222 995 3269 op.
1032 3205 1114 3251 cit.
1157 3219 1261 3267 cap.
1296 3218 1354 3262 2,
1441 3211 1533 3249 tem
1560 3201 1834 3267 Nepotiane
1862 3201 2085 3248 visitatus
2112 3199 2373 3263 (Artemius
2388 3203 2465 3248 in-

328 3292 511 3340 observ.
538 3307 585 3339 2.
607 3290 761 3355 Pergit
786 3297 941 3336 autem
969 3285 1231 3334 Radbertus
1258 3295 1360 3350 post
1443 3284 1634 3342 firmus)
1674 3292 1813 3348 atque
1851 3282 1949 3332 oleo
1975 3291 2139 3330 sancto
2160 3292 2428 3349 perunctus
2448 3317 2464 3344 ,

330 3378 517 3423 recitata
537 3374 705 3422 verba:
730 3369 877 3439 Quod
889 3368 968 3418 ille
1000 3368 1230 3428 audiens,
1260 3384 1360 3415 ere-
1442 3365 1679 3415 tribuente
1702 3363 1913 3415 Domino
1950 3363 2171 3413 redditur
2200 3366 2428 3414 sanitati.

329 3460 420 3506 ctis
449 3457 603 3506 oculis
635 3460 688 3503 in
714 3455 884 3505 coelum
902 3455 1122 3503 cominus
1143 3452 1359 3500 obsecra·
1512 3449 1579 3513 (2)
1595 3445 2242 3499 Cfr.Mabillon.Actor.SS.
2258 3446 2465 3495 Ordinis

329 3539 439 3601 bat,
472 3548 525 3587 ut
546 3539 702 3602 fieret.
1442 3529 1502 3581 S.
1532 3529 1787 3581 Benedicti
1807 3567 1820 3590 ,
1846 3548 1949 3595 pag.
1979 3527 2094 3597 576.

398 3623 469 3688 (l)
521 3622 719 3670 Histor.
778 3619 941 3668 eccles.
1000 3619 1309 3667 Francorum
1340 3653 1354 3676 ,
1511 3612 1695 3679 (3)Cfr.
1717 3612 1953 3673 Chardun,
1974 3612 2113 3661 Hist.
2134 3612 2189 3659 de
2203 3607 2464 3659 l’Extreme

329 3707 414 3757 lib.
449 3723 463 3754 ι
490 3741 504 3766 ,
536 3721 636 3770 cap.
667 3700 754 3767 41.
787 3701 959 3750 Scribit
996 3703 1120 3751 enim
1158 3718 1172 3748 :
1205 3698 1358 3766 Apud
1445 3696 1683 3753 Onotion,
1716 3714 1820 3762 pag.
1853 3693 1951 3757 400
1975 3705 2022 3745 et
2052 3712 2151 3761 seq.

2407 3867 2433 3892 Ε
