2508 4120
2083 176 2197 233 199

650 367 1655 507 TRACTATUS

574 682 738 767 DE
815 670 1731 767 MATRIMONIO.

885 938 1416 1010 PROOEMIUM.

183 1173 235 1229 1.
282 1168 714 1228 Matrimonium
742 1162 817 1222 ab
850 1185 918 1222 eo
959 1162 1169 1221 dicitur
1189 1207 1206 1236 7
1234 1163 1426 1243 inquit
1449 1150 1842 1221 Catechismus
1877 1166 2170 1223 Romanus
2188 1209 2206 1239 7

94 1264 249 1345 quod
270 1264 486 1323 femina
514 1260 725 1319 idcirco
749 1257 973 1318 nubere
1001 1256 1178 1318 debet
1196 1303 1212 1331 7
1236 1269 1303 1315 ut
1328 1269 1518 1317 mater
1540 1258 1642 1316 fiat
1663 1303 1679 1332 7
1709 1257 1799 1318 vel
1825 1260 1957 1340 quia
1982 1259 2209 1341 prolem

97 1359 396 1439 concipere
417 1402 432 1431 7
465 1377 669 1437 parere
689 1400 704 1429 7
737 1353 982 1413 educare
1005 1399 1020 1426 7
1050 1353 1255 1411 matris
1285 1375 1500 1411 munus
1522 1364 1611 1412 est
1627 1352 1741 1432 (l).
1770 1353 1906 1412 Aliis
1929 1366 2209 1436 praeterea

94 1450 426 1510 nominibus
473 1450 913 1509 Matrimonium
966 1448 1173 1517 donari
1221 1449 1555 1522 consuevit,
1605 1449 1914 1508 Connuhii
1956 1450 2172 1509 scilicet
2192 1494 2208 1524 7

92 1626 377 1675 dissimulare
390 1636 619 1691 postremo
638 1625 742 1673 loco
766 1641 947 1690 nequeo
973 1641 1106 1672 scan-

92 1708 246 1756 dalum
282 1745 295 1767 7
341 1708 466 1774 quod
520 1725 617 1755 non
666 1709 730 1755 ita
780 1707 962 1772 pridem
1020 1705 1105 1754 Dr.

93 1790 364 1851 Schreiber,
388 1792 437 1837 in
468 1790 628 1838 eadem
662 1790 698 1837 F
702 1789 957 1853 riburgensi
991 1787 1108 1837 Uni-

93 1874 298 1920 versitate
316 1872 542 1936 professor
571 1872 810 1936 theologiae
844 1871 1031 1919 moralis
1054 1887 1109 1917 ac

97 1954 359 2001 membrum
400 1954 579 2001 consilii
622 1954 948 2011 ecclesiastici,
994 1968 1108 2015 prae-

95 2035 198 2082 buit
216 2032 503 2083 auditoribus
524 2036 630 2083 suis.
641 2034 729 2082 Hic
744 2037 870 2082 enim
893 2071 907 2094 7
926 2042 1109 2098 postea-

98 2134 239 2182 quam
266 2116 865 2175 asseruit,infallibilitatem
884 2130 979 2164 esse
993 2130 1110 2179 prae-

99 2201 288 2263 cipuum
326 2194 557 2245 decus'et
589 2198 729 2245 robur
762 2196 972 2245 Ecclesiae
1010 2206 1110 2244 tum

96 2280 247 2344 quoad
283 2296 354 2326 res
390 2279 500 2326 fidei
547 2290 647 2326 tum
694 2280 844 2344 quoad
897 2295 968 2326 res
1008 2295 1111 2324 mo-

97 2379 200 2408 rum
221 2398 234 2420 7
270 2378 366 2408 non
399 2361 609 2420 erubuit,
643 2360 729 2408 sub
754 2361 896 2409 finem
922 2360 1112 2408 secundi

99 2440 463 2506 voLTheologiae
490 2441 674 2490 moralis
692 2477 707 2501 7
738 2440 999 2501 affirmare,
1038 2459 1114 2488 ec-

101 2523 399 2570 clesiasticum
431 2522 660 2570 caelibatus
690 2532 994 2586 praeceptum,
1024 2521 1111 2569 Sa-

100 2605 274 2652 cerdoti
302 2602 526 2651 catholico
558 2605 821 2668 injunctum
839 2637 854 2660 ‚
880 2611 975 2650 esse
1001 2619 1113 2650 con—

101 2693 176 2731 tra
217 2694 443 2732 naturam
469 2721 485 2741 ‚
527 2685 763 2749 injustum
805 2721 821 2745 7
871 2682 1125 2735 immorale.

101 2777 145 2815 et
186 2765 627 2813 antichristianum.
661 2764 759 2829 Qua
790 2767 839 2812 in
877 2783 924 2812 re
956 2776 1114 2812 acutus

101 2847 239 2896 homo
271 2865 368 2895 non
385 2848 502 2902 vidit
518 2886 530 2908 7
549 2866 595 2896 se
609 2850 889 2912 principium
915 2849 1113 2911 positum

101 2928 190 2978 hac
223 2931 469 2979 disserendi
494 2933 668 2979 ratione
697 2931 946 2978 destruere.
976 2930 1113 2978 Enim

103 3028 207 3059 vero
235 3013 407 3061 clericis
433 3025 477 3061 et
498 3031 653 3061 recens
676 3012 938 3061 Sacerdotio
974 3015 1113 3060 inau-

105 3095 270 3155 guratis
290 3094 396 3141 talia
427 3094 608 3142 effutire
642 3095 832 3158 perinde
863 3103 931 3141 est
963 3111 1017 3141 ac
1048 3094 1116 3140 di-

1194 1622 1251 1670 In
1268 1641 1362 1691 quo
1391 1625 1489 1688 ipse
1512 1641 1609 1671 non
1636 1626 1799 1688 repetit
1817 1661 1831 1683 7
1861 1627 1950 1672 nisi
1966 1626 2093 1691 quod
2121 1644 2210 1695 no-

1193 1721 1297 1752 vem
1332 1714 1412 1752 aut
1441 1704 1602 1753 decem
1637 1704 1697 1751 ab
1745 1705 1858 1753 hinc
1892 1708 2025 1753 annis
2055 1706 2212 1755 docuit

1190 1785 1273 1833 Dr.
1290 1785 1475 1834 Amaun
1490 1822 1503 1844 ,
1528 1787 1758 1850 professor
1777 1797 1820 1835 et
1838 1788 2102 1836 membrum
2128 1807 2210 1854 pa-

1191 1872 1299 1917 riter
1324 1870 1503 1917 consilii
1534 1869 1829 1918 ecclesiastici
1850 1907 1863 1928 7
1900 1873 1979 1936 qui
1997 1874 2115 1918 inter
2137 1889 2211 1920 sa·-

1193 1954 1258 1999 cri
1283 1950 1523 1999 caelibatus
1552 1954 1896 2016 impugnatores
1932 1970 2029 1999 non
2063 1963 2212 2003 extre—

1197 2050 1332 2080 mum
1380 2031 1536 2081 locum
1562 2033 1741 2081 obtinet
1770 2034 1830 2081 ob
1861 2034 2095 2083 historiam
2123 2051 2212 2083 cae·

1194 2114 1364 2162 libatus
1381 2131 1407 2161 a
1436 2132 1483 2162 se
1513 2114 1700 2162 editam.
1729 2113 1881 2179 Quam
1907 2116 2028 2165 bene
2054 2127 2210 2165 autem

1195 2197 1322 2245 idem
1340 2196 1566 2261 professor
1588 2196 1834 2245 Schreiber
1853 2198 1911 2246 de
1938 2201 2031 2246 suis
2059 2199 2212 2247 alum-

1198 2281 1270 2326 nis
1303 2281 1635 2343 promeruerit,
1667 2282 1894 2327 evincitur
1926 2297 1982 2329 ex
2021 2298 2215 2330 munere

1196 2364 1397 2425 argentei
1426 2362 1578 2425 cyathi
1598 2398 1612 2421 7
1655 2379 1747 2426 quo
1769 2362 1891 2409 hanc
1917 2380 2103 2412 auream
2131 2363 2216 2412 do-

1195 2445 1394 2490 ctrinam
1438 2442 1796 2490 cohonestarunt
1826 2447 1926 2508 ejus
1962 2446 2210 2493 auditores.

1195 2521 1347 2569 Satius
1380 2522 1583 2584 profecto
1608 2523 1724 2570 foret
1762 2533 1813 2570 ut
1847 2525 1942 2587 ipse
1971 2541 2213 2588 personam

1196 2604 1446 2668 deponeret
1466 2642 1480 2664 7
1510 2622 1651 2670 seque
1681 2615 1892 2669 apertum
1923 2606 2102 2656 hostem
2122 2608 2213 2657 Ec-

1199 2685 1350 2733 clesiae
1367 2686 1601 2734 catholicae
1625 2687 1935 2751 profiteretur.

1267 2768 1335 2831 (l)
1371 2766 1444 2816 De
1467 2766 1687 2818 Macrim.
1719 2768 1939 2819 Sacram.
1990 2788 2097 2837 cap.
2141 2772 2174 2821 8
2197 2813 2211 2835 7

1197 2866 1250 2897 n.
1283 2865 1334 2898 2.
1368 2850 1490 2898 Hinc
1524 2851 1646 2915 apud
1679 2849 1954 2917 Gregorium
1994 2869 2073 2916 ιι,
2110 2872 2214 2921 cap.

1196 2930 1280 2981 Em
1308 2931 1480 2980 litteris
1495 2970 1509 2996 7
1531 2933 1589 2981 de
1607 2937 1906 2983 conversione
1926 2935 2212 2987 infidelium:

1198 3013 1390 3074 Matri,
1417 3015 1667 3078 inquiebat
1685 3015 1863 3064 ‘mulier
1875 3051 1893 3077 ‚
1914 3017 2082 3080 infans
2105 3027 2215 3066 ante
2267 3071 2272 3076 ,

1187 3103 1387 3159 partum
1415 3109 1640 3143 onerosus
1660 3132 1674 3155 7
1706 3095 1944 3144 dolorosas
1960 3099 2017 3144 in
2036 3108 2207 3162 partu,

107 3188 206 3220 cere
231 3189 246 3219 ε
269 3173 485 3223 Ecclesia
507 3175 593 3224 illa
610 3210 625 3235 7
652 3180 815 3247 cui-ut
833 3177 1057 3239 maqister
1071 3183 1117 3223 et
1189 3183 1300 3241 post
1329 3184 1529 3241 partum
1567 3177 1833 3226 laboriosus
1874 3197 1895 3239 ‚-
1932 3195 1990 3225 ac
2035 3195 2094 3226 ex
2129 3179 2213 3229 hoc

109 3251 341 3300 Sacerdos
385 3256 626 3320 peculiari
665 3258 848 3303 ratione
896 3256 1116 3304 addictus
1196 3257 1410 3322 legitima
1441 3261 1720 3324 conjunctio
1748 3260 1898 3306 maris
1939 3267 1986 3306 et
2015 3260 2215 3324 femina»

109 3349 214 3379 sum
234 3369 250 3390 ,
280 3343 323 3380 et
351 3351 460 3398 erqo
482 3353 622 3399 qaam
656 3340 710 3384 in
733 3338 914 3384 animis
948 3339 1113 3385 vestris
1196 3339 1353 3402 maqia
1383 3341 1748 3388 matrimonium
1793 3356 1937 3403 quam
1972 3345 2212 3405 patrimo-

110 3430 315 3461 amorem
333 3417 535 3464 excitare
550 3417 779 3477 deberem,
796 3433 894 3463 non
914 3424 983 3465 est
1000 3434 1111 3465 vera
1194 3421 1336 3467 nium
1352 3431 1678 3487 nuncupatur.
1696 3421 1835 3485 Apud
1848 3420 2080 3484 Pitoeum7
2105 3424 2212 3473 De-

110 3510 197 3541 nec
228 3512 257 3542 a
299 3495 486 3543 Christo
522 3498 728 3560 fimdata
747 3534 761 3556 7
809 3505 965 3562 utpote
1008 3517 1113 3564 quoe
1194 3501 1386 3549 creeales
1425 3503 1650 3568 Greqort'i
1687 3500 1833 3569 Papoe
1864 3521 1909 3552 lx
1932 3541 1948 3565 7
1995 3515 2107 3565 tom,
2141 3525 2179 3555 u.
2198 3543 2210 3567 ,

112 3592 312 3623 errorem
337 3586 379 3624 et
391 3582 638 3642 peccatum
669 3579 795 3626 docet
815 3616 827 3638 7
856 3587 900 3626 et
922 3578 1017 3644 leye
1035 3583 1114 3628 iu·

100 3658 239 3719 justa
265 3668 308 3705 et
336 3660 506 3723 iniqua
536 3658 665 3722 filios
703 3676 812 3707 suos
841 3660 1109 3724 obstrinyit.

1198 3582 1341 3633 Paris.
1374 3581 1515 3648 1687.
