2508 4120
519 206 637 243 CAP.
682 205 746 243 11.
794 207 861 242 DE
905 205 1244 244 MATRIMONH
1285 201 1763 243 PROPRIETATIBUS.
2069 181 2188 240 229

96 369 224 407 eum
260 346 382 404 aliis
419 345 719 405 contendit
738 391 754 420 7
777 345 1164 428 polygamiam
1194 345 1395 406 divino
1422 350 1558 423 >jure
1596 344 1889 427 permitti,
1923 343 2181 403 humano

95 440 373 498 duntaxat
400 443 583 499 vetari
610 440 723 518 (l).

175 535 272 592 48.
321 535 481 592 Circa
534 533 1097 592 indissolubilitatem
1152 532 1392 593 diversae
1445 533 1790 613 quaestiones
1841 531 2183 591 definiendae

94 639 538 710 proponuntur,
582 639 756 709 prout
799 626 1228 685 Matrimonium
1271 637 1565 706 spectatur
1599 638 1700 684 aut
1741 637 1805 683 ut
1845 647 2057 683 verum
2089 637 2188 683 aut

92 735 158 780 ut
187 734 426 791 ratum,
460 734 558 780 aut
587 722 835 803 denique
866 732 931 778 ut
951 729 1452 778 consummatum.
1492 721 1709 780 Verum
1734 731 1929 777 autem
1952 731 2185 777 tantum

94 817 300 875 dicitur
335 817 658 895 conjugium
681 861 697 889 ,
745 815 902 895 quod
939 824 1026 872 est
1058 813 1119 870 in
1153 812 1497 871 infidelitate
1535 824 1939 886 contractum3
1980 815 2180 871 ratam

91 922 369 992 praeterea
401 911 554 991 quod
580 933 609 969 a
638 909 902 968 fidelibus
928 908 1141 966 initum
1166 918 1254 966 est
1273 912 1437 984 juxta
1462 907 1818 966 conditiones
1844 907 1916 965 ab
1942 908 2187 967 Ecclesia

90 1016 369 1077 statutas3
413 1014 883 1064 consummatum
906 1001 1154 1084 denique
1178 1047 1196 1079 ‚
1224 1002 1383 1084 quod
1415 1022 1521 1059 usu
1555 1002 1986 1063 interveniente
2009 1024 2179 1061 com-

89 1099 314 1181 pletum
342 1111 449 1159 est.

170 1194 271 1252 49.
319 1192 702 1274 Igiturquoad
731 1192 1164 1251 Matrimonium
1191 1213 1401 1250 verum
1421 1237 1436 1266 ‚
1463 1214 1563 1252 seu
1587 1193 1650 1249 in
1680 1191 2020 1251 infidelitate
2042 1212 2180 1258 con-

91 1299 338 1347 tractum
358 1333 374 1362 ,
412 1309 569 1347 nunc
598 1289 750 1347 inter
783 1308 984 1345 omnes
1014 1286 1332 1345 Catholicos
1358 1287 1666 1360 convenit,
1706 1287 1754 1344 si
1783 1307 1994 1368 paucos
2036 1308 2182 1345 neo-

89 1383 293 1441 tericos
325 1383 571 1463 excipias
591 1427 607 1455 .,
633 1403 774 1462 quos
797 1403 932 1439 mox
959 1380 1286 1439 refellemus
1309 1425 1325 1453 7
1363 1381 1509 1439 illud
1538 1380 1772 1440 dissolvi
1803 1395 1968 1461 posse
1993 1379 2185 1461 quoad

86 1476 383 1537 vinculum
405 1521 421 1549 ‚
447 1477 492 1533 si
515 1475 792 1534 alteruter
820 1477 1130 1553 conjugum
1151 1475 1226 1533 ad
1244 1474 1419 1533 fidem
1448 1485 1821 1534 convertatur
1838 1519 1854 1548 ,
1877 1474 2021 1532 alter
2043 1495 2182 1535 vero

85 1569 235 1627 nolit
259 1590 391 1627 cum
423 1569 558 1649 ipso.
577 1568 890 1650 tranquille
916 1570 1112 1628 vivere
1140 1579 1200 1627 et
1222 1567 1439 1648 absque
1460 1569 1669 1644 injuria
1700 1569 2001 1626 CreatoriS.

166 1665 262 1722 50.
308 1663 510 1736 Quoad
534 1664 968 1722 Matrimonium
990 1674 1197 1721 ratum
1214 1708 1231 1731 ,
1260 1662 1538 1720 Catholici
1570 1661 1780 1719 docent
1802 1706 1817 1735 ,
1843 1661 1989 1720 illud
2008 1683 2175 1742 posse

88 1758 322 1817 dissolvi
348 1780 454 1839 per
486 1759 785 1816 sanctioris
810 1759 944 1818 vitae
970 1757 1384 1838 professionem
1398 1757 1459 1813 in
1482 1756 1673 1836 aliquo
1696 1755 1940 1834 regulari
1965 1756 2184 1815 Ordine

86 1853 161 1912 ab
192 1853 435 1912 Ecclesia
464 1852 817 1933 approbato3
844 1851 1272 1911 obluctantibus
1298 1851 1753 1909 protestantibus
1770 1895 1785 1924 ,
1812 1851 1911 1929 qui
1934 1894 1950 1923 7
1989 1870 2119 1907 cum
2144 1871 2178 1907 a

88 1947 375 2025 religionis
406 1948 556 2007 votis
601 1946 951 2005 abhorreant
970 1990 986 2019 ‚
1036 1935 1298 2003 unanimi
1326 1946 1699 2003 consensione
1728 1943 2023 2017 tradunt,
2054 1944 2177 2003 haec

87 2040 301 2098 nullius
347 2060 469 2098 esse
517 2041 798 2098 momen-ti
845 2040 926 2097 ad’
965 2044 1088 2116 conj
1098 2040 1223 2117 ugia
1267 2038 1655 2099 dissolvenda.
1716 2037 2096 2098 Novatoribus
2145 2058 2179 2096 e

88 2134 370 2193 diametro
410 2135 791 2196 adversantur
839 2134 1024 2192 Graeci
1073 2132 1453 2205 schismatici,
1510 2123 1608 2212 qui
1627 2176 1643 2204 ‚
1701 2142 1848 2189 teste
1901 2131 2179 2191 Matthaeo

85 2229 368 2288 monacho
400 2230 674 2308 (2),·non
713 2240 905 2286 ratum
942 2239 1209 2301 tantum,
1248 2226 1349 2286 sed
1384 2235 1450 2285 et
1475 2235 1941 2284 consummatum
1979 2225 2181 2287 Matri-

85 2325 346 2381 monium
366 2369 381 2397 .,
420 2323 664 2382 solemni
697 2323 989 2401 religionis
1023 2333 1159 2382 voto
1195 2320 1431 2379 dissolvi
1459 2330 1850 2401 propugnant.

168 2418 265 2474 51.
314 2417 514 2488 Quoad
567 2418 1003 2475 Matrimonium
1057 2415 1294 2474 demum
1348 2425 1827 2472 consummatum
1850 2459 1867 2481 ,
1921 2412 2181 2471 doctrina

87 2509 362 2567 catholica
384 2521 471 2567 est
498 2510 771 2568 adversus
794 2513 1212 2582 protestantes,
1238 2506 1400 2564 nullo
1428 2527 1686 2585 unquam
1709 2511 1771 2566 in
1791 2527 1921 2564 casu
1947 2505 2182 2565 dissolvi

90 2624 253 2683 posse
292 2603 483 2684 quoad
516 2602 809 2665 vinculum
845 2603 1308 2661 Christianorum
1337 2600 1665 2678 conjugium
1686 2643 1702 2673 .,
1739 2619 1927 2680 neque
1968 2598 2181 2659 scilicet

87 2835 266 2883 n'avait
282 2853 371 2901 pas
408 2835 614 2900 defendit
640 2835 696 2881 de
723 2833 805 2881 tels
839 2835 1092 2897 mariaqu.
1178 2832 1380 2880 minibus
1422 2829 1675 2896 Theophili
1699 2829 1903 2878 Alethoei
1923 2866 1938 2889 ,
1968 2826 2020 2878 V
2016 2833 2178 2879 incen-

94 2916 218 2963 Celte
237 2916 400 2982 parole
433 2917 488 2964 de
528 2915 574 2963 la
606 2913 809 2972 Genese,
851 2914 911 2961 ils
942 2924 1106 2962 serant·
1176 2915 1240 2960 tii
1267 2912 1563 2973 Athanasii,
1602 2910 2135 2961 Gottlieb-wahremand
2158 2949 2172 2971 ‚

93 2997 217 3044 deux
258 2999 377 3046 dans
425 3016 517 3045 une
571 2997 740 3057 chair,
775 2997 853 3060 fat
900 2996 1090 3043 &ladem
1174 2984 1297 3042 varia
1326 2996 1376 3040 in
1403 2994 1552 3042 lucem
1579 2995 1796 3058 opuscula
1821 2994 1964 3043 edidit
1981 2994 2038 3042 ad
2067 3012 2176 3042 cau-

89 3080 288 3141 quoique
327 3078 661 3126 Jews-Christ
696 3076 810 3124 l'eaezt
839 3077 1022 3124 reduite
1065 3079 1095 3124 ὰ
1176 3091 1273 3124 sam
1304 3074 1525 3137 agendam
1569 3073 1866 3139 polygamiae,
1923 3076 2042 3121 inter
2075 3088 2176 3137 quae

92 3174 180 3204 son
209 3161 417 3222 premier
449 3175 573 3206 sens·
611 3158 828 3205 Attamen
864 3156 1092 3222 ejusmodi
1173 3157 1343 3203 eminet
1388 3155 1512 3218 quod
1561 3156 1790 3218 inscripsit
1847 3170 1861 3200 ε
1895 3152 2182 3216 Polyqamia

96 3240 432 3286 instauratores
469 3256 713 3286 sacrorum
732 3235 993 3301 Evamqelii
1009 3256 1093 3285 no·
1175 3235 1537 3300 triumphatriae.
1568 3235 1692 3283 Alios
1714 3233 1983 3300 polygamiae
2020 3243 2175 3297 patro-

101 3322 224 3369 mine
254 3318 372 3367 hanc
402 3320 661 3368 facultatem
694 3317 944 3366 dederunt!
983 3319 1095 3368 Inde
1174 3335 1259 3365 nos
1294 3327 1495 3366 recenset
1542 3317 1706 3365 Franc.
1756 3315 1973 3362 Buddeus
2015 3317 2066 3362 in
2103 3332 2179 3380 op.

102 3398 347 3465 intelligas,
374 3401 454 3463 qui
479 3401 661 3447 tandem
678 3397 989 3461 sitScripturae
1005 3401 1096 3463 pri·
1177 3398 1518 3446 Institutionee
1548 3397 1789 3459 theoloqiae
1811 3393 2032 3455 moralis,
2064 3406 2180 3460 part.

103 3490 206 3527 vato
245 3497 377 3526 sensu
418 3481 645 3543 explicatae
669 3497 775 3527 usus
810 3479 932 3542 apud
959 3495 1099 3544 pecu·
1179 3495 1212 3528 11
1234 3516 1247 3539 ,
1294 3497 1397 3544 cap.
1442 3480 1471 3527 3
1493 3516 1506 3539 ‚
1550 3487 1663 3526 sect.
1700 3475 1763 3533 6,
1797 3474 1826 3541 ἓ
1868 3492 1902 3541 9
1934 3512 1948 3537 ‚
1995 3478 2046 3526 in
2083 3487 2200 3530 not„

108 3562 240 3609 liares
264 3563 369 3607 istos
400 3560 632 3624 Evangelii
660 3560 876 3607 vindices.
1183 3559 1310 3625 Lips.
1359 3574 1503 3623 1727.

178 3641 241 3702 (1)
280 3640 365 3690 llic
401 3639 599 3704 Lyserus
647 3639 731 3686 sub
764 3641 988 3688 ementitis
1019 3656 1096 3687 no·
1256 3641 1319 3702 (2)
1357 3639 1410 3687 Iu
1442 3638 1625 3705 Quoest.
1652 3638 1950 3692 matrimoni,
