2508 4120
566 161 687 199 cAP.
736 163 802 199 11.
852 163 919 198 DE
961 161 1301 199 mummoml
1342 160 1830 199 Pnornmurlnus,
2124 144 2241 204 271

958 305 1440 348 DIFFICULTATES.

147 446 150 451 ’
224 445 358 505 135.
404 443 535 523 Obj.
591 445 798 527 prima.
852 445 913 503 10
950 443 1136 503 Verba
1174 443 1389 503 Christi
1421 437 1614 508 :Nisi
1642 443 1712 500 oh
1746 446 2245 521 fornicationem,

136 551 401 623 apertam
432 540 739 598 continent
770 560 802 597 a
838 528 1093 617 generali
1131 537 1256 616 lege
1302 537 1377 596 de
1417 535 1924 602 indissolubilitate
1962 543 2248 623 exceptio.

136 658 307 709 nem3
355 635 424 693 2⁰
455 634 567 693 nisi
598 634 755 693 enim
797 653 926 692 eam
958 632 1362 705 continerent,
1395 630 1513 690 duo
1552 644 1935 713 sequerentur
1971 634 2245 713 absurda„

131 735 337 810 primo
387 740 629 812 propter
676 727 858 787 solam
893 727 1338 790 fornicationem
1396 727 1609 784 marito
1656 723 1827 786 licere
1871 751 2114 790 uxorem
2157 731 2249 792 di·

136 827 370 885 mittere
387 846 599 907 ;,porro
626 822 902 883 Catholici
929 823 1215 897 fatentur,
1246 823 1366 880 imo
1388 821 1755 881 contendunt
1774 867 1789 891 ,
1814 822 2012 905 plures
2037 838 2251 908 praeter

141 922 584 980 fornicationem
605 919 889 999 legitimas
914 940 1035 978 esse
1058 921 1438 1001 possetuxoris
1457 917 1822 978 dimittendae
1838 941 2034 981 causas
2057 924 2250 1004 quoad

132 1015 371 1075 thorum
398 1027 456 1076 et
477 1014 928 1088 habitationem3
954 1016 1209 1079 secundo
1232 1014 1495 1097 apposite
1518 1006 1819 1073 Christum
1850 1037 1972 1075 non
1996 1040 2250 1101 respon-

143 1110 294 1171 disse
325 1110 747 1170 'Pharisaeorum
793 1109 1266 1189 interrogationi3
1318 1109 1400 1167 illi
1436 1110 1596 1169 enim
1634 1112 2015 1190 quaesierant‚
2049 1126 2250 1174 utrum

136 1207 215 1264 ita
263 1195 462 1266 liceret
508 1227 750 1266 uxorem
790 1204 1085 1266 dimittere
1107 1251 1122 1280 a
1168 1216 1234 1263 ut
1285 1204 1407 1263 aliae
1454 1208 1676 1286 nuptiae
1726 1195 2246 1287 permitterenturt,

135 1300 396 1359 Christus
417 1307 555 1362 vero
582 1300 997 1383 respondisset,
1023 1300 1194 1360 licere
1219 1300 1457 1382 quidem
1480 1322 1725 1360 uxorem
1749 1301 2044 1365 dimittere
2068 1329 2252 1390 prop-

132 1407 222 1454 ter
255 1396 696 1455 fornicationem
719 1441 735 1469 .,
776 1397 1002 1475 integro
1026 1407 1231 1455 tamen
1257 1409 1673 1477 perseverante
1710 1401 1958 1480 conjugii
1990 1402 2244 1462 vincuIO.

134 1490 199 1548 30
230 1493 442 1550 Sensus
471 1502 780 1573 propterea
809 1491 1122 1553 verborum
1154 1491 1366 1550 Christi
1389 1492 1533 1550 alius
1563 1514 1687 1552 esse
1723 1497 1930 1575 nequit
1953 1498 2066 1556 nisi
2092 1499 2201 1559 iste
2229 1522 2243 1557 :

132 1585 458 1645 Moechatur
493 1587 593 1668 qui
630 1586 739 1645 alia
765 1586 838 1646 de
873 1607 1039 1645 causa
1063 1631 1078 1660 ‚
1121 1607 1298 1667 quam
1348 1585 1423 1644 ob
1471 1587 1955 1663 fornicationem,
2006 1614 2251 1652 uxorem

132 1702 296 1739 suam
319 1681 565 1740 dimittit
593 1694 651 1741 et
683 1681 858 1740 aliam
883 1681 1075 1755 ducit3
1111 1681 1254 1740 item
1282 1681 1608 1741 moechatur
1626 1728 1642 1758 ,
1681 1685 1782 1765 qui
1811 1678 2112 1746 dimissam
2140 1687 2251 1748 alia

133 1775 208 1836 de
242 1798 410 1835 causa
431 1823 446 1852 ‚
493 1800 669 1859 quam
701 1778 775 1836 ob
810 1778 1254 1836 fornicationem
1275 1823 1290 1850 ,
1327 1799 1457 1836 eam
1487 1778 1666 1837 ducit.
1705 1779 1772 1837 40
1809 1782 1933 1854 Qua
1964 1783 2251 1862 significa-

132 1873 292 1931 tione
329 1872 542 1931 Christi
579 1872 895 1934 verborum
940 1870 1122 1931 semel
1165 1874 1518 1949 constituta,
1568 1875 1785 1933 corruit
1828 1876 1914 1934 vis
1959 1880 2250 1960 praecipua

131 1967 459 2046 argumenti
491 1968 941 2028 Catholicorum.
971 1968 1036 2025 50
1077 1969 1302 2048 Marcus
1339 1989 1515 2049 porro
1550 1990 1615 2028 ac
1647 1970 1825 2029 Lucas
1855 1971 2114 2053 suppleri
2141 1973 2251 2053 de-

130 2059 275 2120 bent
298 2083 402 2142 per
436 2062 807 2137 Matthaeum3
837 2064 902 2121 60
931 2061 1142 2122 Paulus
1169 2084 1306 2123 vero
1335 2062 1579 2143 intelligi
1606 2063 1781 2125 debet
1816 2065 1889 2125 de
1917 2072 2249 2129 communi-

128 2165 219 2213 ter
246 2156 719 2236 contingentibus
742 2203 757 2232 a
787 2158 1032 2216 minime
1056 2179 1194 2217 vero
1214 2158 1286 2217 de
1307 2179 1375 2217 eo
1394 2158 1552 2240 quod
1575 2180 1744 2218 causa
1779 2162 2245 2225 extraordinaria

129 2249 558 2310 interveniente
591 2252 712 2310 fieri
748 2263 972 2333 potest,
1005 2263 1073 2310 ut
1101 2253 1165 2310 in
1191 2274 1321 2312 casu
1351 2263 1575 2312 nostro,
1605 2255 1772 2334 Ergo,

215 2345 354 2405 136.
401 2349 571 2428 Resp.
595 2347 682 2405 Ad
713 2349 823 2421 1¹1¹,
854 2348 1003 2427 Neq.
1028 2360 1094 2407 ut
1118 2359 1344 2408 constat
1372 2371 1443 2408 ex
1476 2349 1739 2409 adductis
1771 2350 2243 2431 probationibus3

131 2439 252 2497 haeo
281 2451 589 2521 propterea
617 2441 870 2499 clausula
895 2453 994 2500 aut
1027 2443 1230 2502 referri
1252 2443 1427 2502 debet
1445 2488 1461 2516 ,
1495 2455 1560 2501 ut
1582 2443 1845 2524 plerique
1877 2447 2247 2508 contendunt

131 2534 479 2614 interpretes
499 2579 516 2607 a
567 2534 640 2591 ad
691 2536 948 2620 priorem
999 2536 1213 2595 Christi
1247 2537 1551 2595 sententiae
1600 2549 1827 2618 partem
1847 2585 1863 2615 ‚
1904 2562 2120 2624 nempe
2171 2546 2247 2605 ad

132 2627 526 2688 dimissionem
553 2630 745 2687 uxoris
767 2675 782 2701 ,
813 2650 942 2711 quae
974 2652 1094 2688 non
1117 2630 1250 2689 licet
1275 2632 1388 2689 nisi
1412 2631 1488 2690 ob
1515 2632 1989 2712 fornicationem,
2022 2649 2083 2697 et
2104 2650 2246 2700 tunc

130 2721 225 2782 hic
251 2745 450 2783 sensus
484 2735 633 2783 esset
662 2724 972 2785 verborum
1003 2724 1216 2783 Christi
1238 2725 1394 2807 apud
1431 2727 1774 2805 Matthaeum
1809 2752 1822 2788 ε
1862 2731 2242 2814 Quicumque

131 2819 202 2876 oh
246 2821 434 2878 aliam
471 2821 548 2877 ab
592 2821 885 2878 adulterio
920 2840 1172 2878 causam
1221 2842 1469 2880 uxorem
1493 2844 1671 2882 suam
1706 2826 2038 2898 dimiserit,
2061 2851 2245 2910 eaque

133 2919 381 2986 vivente,
413 2919 532 2973 sive
550 2917 827 2973 adultera
848 2919 927 2973 sit
946 2918 1064 2974 sive
1089 2937 1245 2989 non,
1269 2920 1459 2976 aliam
1477 2920 1725 2978 duxerit
1739 2967 1757 2990 ‚
1780 2924 2236 3005 moechatur(l),

137 3019 197 3068 et
223 3021 403 3068 cessat
431 3010 774 3083 difficultas:,
810 3022 911 3070 aut
940 3010 1184 3091 intelligi
1211 3011 1330 3073 haec
1353 3013 1606 3074 clausula
1631 3015 1808 3076 debet
1826 3063 1842 3095 ‚
1873 3031 1939 3077 ut
1967 3019 2063 3079 alii
2086 3023 2243 3080 exis-

135 3103 376 3179 timant,
404 3105 466 3163 in
495 3128 700 3181 sensu,
740 3117 806 3164 ut
836 3117 1045 3166 vocant
1064 3152 1080 3181 ‚
1118 3114 1415 3188 neqativo,
1460 3110 1539 3167 ita
1574 3122 1640 3169 ut
1671 3111 1935 3173 Christus
1981 3115 2244 3175 interro—

210 3305 279 3369 (Ι)
303 3305 634 3368 Bellarminus,
664 3307 742 3356 De
759 3307 916 3357 Matr.
938 3325 1036 3375 cap.
1067 3307 1146 3371 16,
1231 3327 1372 3377 quam
1416 3314 1478 3360 ita
1509 3316 1756 3372 omittere,
1798 3324 1849 3361 ut
1875 3320 2100 3366 sententia
2136 3321 2243 3369 red-

141 3407 189 3436 n.
224 3405 250 3453 7
271 3425 284 3447 ‚
345 3389 554 3438 observat
589 3427 603 3450 ‚
656 3390 963 3455 Evangelistas
1017 3394 1149 3440 omit·
1231 3392 1364 3441 datur
1393 3393 1533 3457 falsa;
1574 3412 1680 3441 nam
1706 3395 1913 3461 alioquin
1944 3397 2242 3467 Evangelistae

142 3479 235 3518 tere
274 3470 459 3535 quidem
486 3472 715 3520 interdum
743 3471 918 3537 aliquid
963 3482 1040 3521 aut
1069 3473 1147 3521 ad·
1229 3473 1515 3540 decepissent
1554 3477 1761 3525 homines
1784 3514 1797 3537 ‚
1825 3479 1995 3544 quibus
2023 3482 2240 3551 Evange-

141 3552 248 3599 dere
267 3589 279 3610 ‚
312 3552 437 3617 quod
465 3551 542 3599 alii
573 3552 869 3618 Evangelistae
896 3571 992 3602 non
1022 3557 1143 3603 omi·
1226 3555 1286 3605 lia
1300 3574 1381 3605 sua
1400 3556 1704 3616 tradiderunt,
1724 3557 1855 3609 nulla
1870 3566 2104 3616 mentione
2120 3566 2241 3615 facta

142 3644 296 3681 serunt
342 3642 422 3681 aut
460 3650 555 3681 non
586 3633 887 3693 addiderunt,
920 3635 997 3684 sed
1030 3654 1145 3684 nun·
1226 3638 1424 3688 aliorum
1453 3637 1864 3705 Evangelistarum.
