2508 4120
262 81 381 142 396

900 101 1224 138 ‘rnm'rA'rus
1267 101 1336 138 m:
1379 100 1758 142 MA‘rmuonm.

261 257 384 322 est,
420 245 544 306 sive
594 262 782 300 unum
824 240 947 304 sive
987 241 1240 302 alterum
1278 264 1540 304 errorem
1579 247 2004 326 profiteantur,
2045 250 2168 312 sive
2212 254 2392 315 etiam

256 340 457 424 plures
496 336 692 395 simul.
739 338 812 396 At
850 337 915 396 id
956 349 1263 419 nequeunt
1303 351 1580 420 praestare
1604 339 1921 416 Catholici,
1964 341 2175 424 quibus
2221 350 2391 417 unica

257 455 398 494 vera
426 431 646 512 Religio
676 443 765 492 est
793 431 867 491 ad
891 432 1286 493 exclusionem
1313 433 1646 494 absolutam
1681 458 2184 520 quarumcumque
2206 452 2389 502 secta-

255 550 392 588 rum
423 538 483 586 et
515 550 781 587 errorum
802 573 819 603 7
851 527 1083 588 dicente
1122 529 1400 611 Apostolo
1431 553 1443 588 z
1485 531 1656 590 Unus
1681 534 2013 602 Dominam,
2054 556 2183 593 una
2203 536 2349 613 fides
2365 579 2388 609 ,

255 646 456 683 unum
479 625 803 703 Baptisma
828 624 940 705 (l).
967 624 1131 683 Istud
1154 636 1355 685 tamen
1379 648 1501 684 non
1518 627 1790 708 impedit,
1814 629 2126 710 quominus
2158 629 2393 711 politice

258 741 463 780 omnes
495 720 840 780 tolerentur.
871 719 1043 793 Quod
1078 722 1125 780 si
1162 721 1481 782 adversarii
1521 722 1668 781 adeo
1713 722 1921 783 soliciti
1965 735 2103 783 sunt
2141 725 2217 785 de
2260 747 2394 785 con·

257 816 515 876 scientiae
547 815 855 891 libertate,
896 838 1075 898 quare
1111 816 1265 876 hanc
1299 817 1572 876 adimunt
1607 818 2015 878 Sacerdotibus
2058 819 2389 896 catholicis,

256 933 355 971 eos
388 911 648 992 cogendo
685 911 761 971 ad
799 912 863 971 id
896 911 1333 994 praestandum,
1367 912 1526 995 quod
1555 913 1673 994 ipsi
1706 913 1867 976 salva
1908 915 2272 975 conscientiae
2315 915 2394 975 li-

254 1007 487 1069 bertate
508 1021 784 1091 praestare
809 1031 932 1068 non
962 1007 1255 1091 possunt?
1289 1008 1347 1068 Si
1379 1008 1524 1068 adeo
1548 1009 1690 1091 ipsis
1721 1009 1882 1069 cordi
1906 1021 1997 1070 est
2020 1032 2134 1093 pax
2163 1010 2395 1091 publica

257 1116 317 1166 et
338 1103 657 1165 domestica
679 1150 694 1180 ,
723 1126 902 1186 quare
926 1116 1093 1163 tanta
1116 1106 1450 1163 animorum
1471 1105 1850 1165 contentione
1877 1117 2236 1188 promovent
2261 1127 2401 1166 con·

249 1203 411 1282 jugia
438 1202 623 1261 mixta
645 1247 661 1278 ,
699 1223 833 1283 quae
861 1212 1083 1260 norunt
1105 1222 1238 1260 cum
1263 1222 1405 1281 pace
1428 1201 1743 1261 consistere
1772 1223 1894 1261 non
1913 1223 2083 1284 posse
2113 1203 2244 1282 (2)?
2279 1205 2397 1263 Pax

255 1297 354 1357 illa
375 1342 391 1374 ,
427 1320 607 1380 quam
638 1296 940 1358 acatholici
970 1295 1192 1357 vellent
1223 1295 1540 1357 obtrudere
1562 1342 1577 1371 ,
1605 1297 1812 1379 quovis
1834 1296 1990 1357 bello
2019 1297 2396 1380 periculosior

257 1405 379 1469 estt,
431 1415 499 1454 eo
541 1394 763 1477 quippe
801 1404 1027 1475 spectat
1052 1438 1068 1467 ,
1124 1403 1191 1451 ut
1241 1414 1444 1452 sensus
1490 1394 1679 1452 omnis
1723 1393 2036 1474 Religionis
2073 1415 2144 1454 ex
2187 1394 2397 1453 animis

256 1488 572 1549 hominum
604 1490 884 1549 radicitus
909 1487 1218 1549 evellatur.
1253 1489 1526 1548 Ceterum
1565 1490 1848 1570 quoniam
1885 1489 2245 1548 feminarum
2273 1510 2397 1548 aca-

259 1584 612 1644 tholicarum
648 1586 894 1667 penuria
920 1607 1042 1643 non
1081 1596 1167 1643 est
1192 1629 1207 1658 7
1250 1605 1345 1643 eas
1374 1583 1486 1642 sibi
1515 1596 1796 1664 poterunt
1834 1584 2135 1644 acatholici
2172 1585 2235 1643 in
2270 1586 2397 1643 Ma-

258 1681 606 1741 trimonium
626 1686 876 1760 jungere
899 1727 914 1755 5
957 1691 1018 1740 et
1045 1701 1178 1739 cum
1213 1679 1435 1738 eisdem
1478 1691 1681 1761 pacate
1711 1679 1955 1739 tandem
1988 1691 2048 1739 et
2076 1678 2395 1760 tranquille

257 1777 477 1851 vivere.
522 1775 709 1850 Quid!
738 1775 895 1858 quod
921 1776 1034 1857 ipsi
1057 1776 1278 1857 optime
1296 1786 1540 1850 norunt,
1567 1774 1779 1856 quibus
1799 1773 2249 1855 obligationibus
2281 1774 2393 1834 Ca-

257 1871 459 1932 tholici
494 1883 844 1949 teneantur,
889 1883 957 1931 ut
992 1871 1150 1931 licite
1195 1871 1432 1931 valeant
1461 1872 1642 1929 mixta
1677 1872 1824 1930 inire
1868 1870 2172 1952 conjugia?
2213 1871 2394 1950 Igitur

257 1991 389 2028 cum
418 1991 478 2029 se
511 1969 668 2027 ultro
705 1967 915 2028 iisdem
944 1965 1376 2027 conditionibus
1412 1967 1723 2046 subjiciant
1743 2013 1758 2042 7
1792 1989 1915 2025 non
1945 1978 2032 2026 est
2056 1988 2157 2026 cur
2185 1966 2257 2026 de
2286 1966 2394 2026 do-

255 2066 509 2125 mesticis
543 2064 795 2124 dissidiis
831 2074 1301 2145 conquerantur
1337 2064 1384 2122 si
1413 2062 1699 2142 ejusmodi
1723 2063 2084 2123 conditiones
2124 2084 2259 2145 pars
2292 2083 2393 2122 ca-

256 2159 473 2219 tholica
498 2182 603 2242 pro
633 2183 738 2219 suo
760 2165 892 2238 jure
929 2180 1160 2219 servare
1205 2159 1366 2221 velit.

339 2255 482 2314 326.
532 2255 622 2314 Ad
671 2254 790 2328 41²²,
845 2254 996 2334 Neq.
1055 2254 1134 2311 Ut
1175 2264 1341 2361 patet
1392 2275 1462 2313 ex
1499 2253 1673 2312 modo
1728 2253 1923 2327 dictis3
1973 2253 2301 2335 praesertim
2341 2253 2391 2311 si

258 2351 557 2433 Principes
596 2350 693 2409 isti
730 2348 1067 2422 acatholici
1103 2350 1205 2430 qui
1233 2348 1378 2408 tales
1407 2348 1560 2429 leges
1588 2349 1786 2408 ferunt
1814 2361 1916 2408 aut
1953 2349 2251 2424 tulerunt,
2293 2370 2391 2407 so-

257 2445 443 2506 lemni
460 2458 631 2529 pacto
653 2468 713 2506 se
731 2444 1154 2505 adstrinxerint
1176 2443 1250 2503 ad
1272 2444 1736 2504 conservandam
1757 2467 1997 2504 suorum
2019 2444 2391 2504 subditorum

256 2542 599 2623 religionem
641 2543 704 2601 in
740 2554 903 2602 statu
948 2563 1060 2621 quo
1095 2562 1225 2600 eam
1266 2552 1645 2623 repererunt,
1690 2562 1754 2600 ac
1794 2563 1854 2601 se
1892 2540 2277 2622 obligaverint
2312 2541 2388 2601 ad

257 2637 450 2697 nullas
487 2637 854 2698 invehendas
883 2639 1176 2697 novitates
1220 2648 1423 2696 contra
1454 2635 1825 2717 disciplinam
1855 2648 1913 2696 et
1943 2635 2174 2718 praxim
2197 2682 2212 2710 ‚
2257 2657 2387 2717 quae

256 2734 418 2816 prius
449 2735 514 2792 in
555 2733 670 2792 illis
707 2733 1038 2814 regionibus
1085 2719 1457 2792 obtinebant.
1493 2732 1701 2790 Violati
1740 2731 1987 2814 proinde
2022 2731 2256 2792 foederis
2301 2731 2385 2790 rei

259 2830 495 2891 dicendi
522 2842 683 2908 sunt,
720 2831 821 2913 qui
843 2851 1005 2890 secus
1036 2840 1218 2909 agunt
1242 2875 1258 2905 ‚
1287 2850 1352 2888 ac
1377 2830 1611 2910 propria
1634 2830 1978 2889 auctoritate
2001 2826 2158 2887 abuti
2186 2837 2386 2887 contra

324 3023 397 3087 (l)
433 3023 605 3089 EpheS.
639 3039 703 3084 lv,
736 3021 787 3073 5.

330 3107 397 3172 (2)
434 3106 497 3156 Ut
527 3107 611 3154 zeli
641 3106 782 3173 hujus
810 3105 1103 3153 immoderati
1134 3121 1283 3152 unum

261 3190 449 3256 aliquod
489 3189 753 3254 exemplum
794 3187 1082 3249 referamus,
1116 3196 1281 3235 notum

260 3281 329 3319 est
378 3290 432 3320 ex
473 3289 549 3337 op.
600 3274 679 3320 cit.
733 3269 1039 3319 Collectiones
1067 3268 1133 3315 ad
1171 3268 1285 3316 hist.

260 3351 372 3401 eccl.
417 3370 511 3403 see.
552 3371 629 3403 xix
661 3391 675 3414 ,
720 3353 772 3401 in
823 3352 1094 3402 Germania
1129 3387 1143 3411 ,
1190 3361 1282 3400 etc.

261 3453 365 3501 pag.
405 3432 470 3483 63
499 3473 511 3495 ‚
552 3438 759 3502 regimen
810 3435 1107 3484 Borussicum
1138 3435 1283 3480 innu-

263 3533 417 3566 meros
440 3521 632 3584 juvenes
649 3523 949 3583 protestantes
978 3517 1211 3565 destinare
1228 3515 1285 3563 ad

262 3599 411 3649 officia
442 3599 595 3649 civilia
637 3610 681 3648 et
722 3600 936 3650 militaria
971 3597 1186 3649 obeunda
1235 3600 1286 3644 in

1369 3018 1633 3084 regionibus
1664 3038 1743 3069 seu
1778 3023 2024 3085 provinciis
2058 3038 2173 3087 pure
2191 3021 2386 3070 catholi-

1367 3106 1433 3151 cis
1455 3141 1467 3162 ‚
1501 3114 1550 3150 ut
1569 3103 1739 3151 scilicet
1756 3101 2032 3169 puellarum,
2049 3122 2214 3170 genere
2246 3113 2387 3169 atque

1367 3188 1534 3252 opibus
1565 3190 1900 3252 praestantium,
1938 3189 2026 3235 sibi
2063 3192 2252 3252 poscant
2276 3203 2389 3235 con-

1368 3269 1513 3318 nubia
1537 3306 1551 3329 ,
1586 3279 1724 3336 atque
1741 3273 1803 3318 ita
1837 3273 1888 3318 in
1917 3269 2010 3317 illis
2030 3271 2278 3335 provinciis
2296 3271 2387 3333 pri-

1367 3355 1527 3400 mariae
1554 3369 1606 3400 ac
1635 3352 1815 3401 nobiles
1848 3353 2035 3400 familiae
2053 3388 2069 3415 ,
2100 3368 2203 3418 quae
2230 3353 2388 3400 civita-

1368 3445 1469 3483 tum
1505 3436 1799 3484 firmamenta
1843 3444 1989 3494 sunt,
2041 3436 2267 3500 incipiant
2310 3432 2389 3480 lue

1371 3519 1692 3584 protestantica
1718 3517 1977 3584 depravari.
