2508 4120
573 181 695 217 CAP.
745 179 803 216 11.
848 180 916 215 DE
961 179 1302 216 MATRIMOMI
1346 178 1837 218 PROPRIETATIBUS·
2142 161 2262 221 267

161 324 475 381 dimissam
499 323 770 390 duxerit,
797 322 1134 395 adulterat,
1160 332 1220 379 et
1237 319 1375 380 ibid.
1406 323 1555 398 xlx,
1573 322 1610 379 9
1640 343 1654 381 ε
1682 323 2053 402 Quicumque
2075 324 2266 382 dimi-

157 421 303 475 serit
323 437 565 475 umorem
596 438 802 485 suam,
826 427 935 475 etc.
963 427 1030 473 ut
1054 425 1228 493 supra
1252 418 1644 476 recensuimus
1665 443 1681 491 ς
1719 417 1950 476 nullum
1978 417 2267 501 siquidem

158 510 315 569 aliud
342 532 412 569 ex
442 511 750 592 Scripturis
773 510 846 568 ab
869 510 1211 569 adversariis
1237 510 1655 571 documentum
1694 513 1887 572 afferri
1911 524 2126 595 potest.
2161 515 2267 574 At-

158 607 257 686 qui
294 607 356 663 in
405 606 597 666 verbis
635 606 725 664 his
763 604 1044 683 ejusmodi
1089 606 1351 685 exceptio
1398 628 1518 664 non
1557 608 1906 668 continetur.
1948 610 2182 671 Etenim
2220 611 2268 670 si

160 702 557 761 contineretur
595 700 725 760 talis
755 700 1013 781 exceptio
1034 744 1050 774 ⁷
1086 700 1344 780 profecto
1381 722 1572 782 neque
1607 703 1740 782 qui,
1777 725 1956 762 uxore
1990 705 2226 764 dimissa
2249 750 2265 780 ,

158 795 332 855 aliam
365 795 602 855 duceret
624 842 638 870 .,
681 816 871 877 neque
909 795 1007 876 qui
1039 794 1337 852 dimissam
1369 795 1642 870 duceret7
1684 797 2111 874 moecharetur3
2142 804 2270 878 jam

158 911 401 951 veroex
426 891 634 950 iisdem
664 891 847 950 citatis
886 888 1139 948 textibus
1180 892 1516 949 maechatur
1551 901 1676 949 tam
1710 893 1810 973 qui
1831 939 1847 965 ‚
1888 893 2154 975 adultera
2184 896 2272 954 di-

158 986 332 1044 missa
353 1030 369 1060 ,
417 985 588 1044 aliam
626 985 786 1044 ducit
807 1030 822 1059 ,
856 1006 1033 1066 quam
1067 985 1169 1066 qui
1202 985 1361 1045 ducit
1391 986 1727 1058 dimissam3
1768 1007 1902 1066 ergo
1929 988 1991 1046 in
2021 988 2269 1048 laudatis

160 1079 351 1141 verbis
375 1079 657 1158 ejusmodi
678 1080 940 1161 exceptio
963 1101 1085 1138 non
1119 1079 1369 1140 habetur
1387 1126 1402 1154 .,
1432 1082 1535 1140 sed
1557 1081 1933 1161 intelligenda
1965 1083 2271 1143 dumtaxat

160 1196 225 1235 ea
259 1185 394 1233 sunt
431 1175 506 1234 de
540 1174 875 1233 dimissione
912 1174 1104 1255 quoad
1136 1173 1392 1234 thorum;
1435 1177 1574 1249 Quae
1612 1179 1808 1235 omnia
1844 1179 2272 1238 confirmantur

160 1282 288 1328 tum
324 1292 395 1330 ex
421 1269 546 1328 aliis
570 1269 954 1350 Evangelistis
977 1315 993 1344 7
1026 1270 1179 1351 apud
1209 1293 1352 1351 quos
1385 1270 1509 1330 haec
1537 1271 1792 1331 clausula
1824 1273 2067 1333 omnino
2104 1273 2273 1334 omit-

161 1366 302 1424 titur
325 1410 340 1439 ,
372 1376 502 1423 tum
525 1385 596 1424 ex
622 1364 898 1447 Apostolo
930 1364 1106 1423 Paulo
1130 1410 1145 1439 a
1180 1366 1281 1446 qui
1306 1367 1431 1426 sive
1458 1367 1520 1424 in
1543 1367 1786 1448 epistola
1814 1366 1888 1426 ad
1915 1370 2085 1427 Rom.
2128 1370 2233 1427 VII
2251 1414 2269 1444 ,

158 1461 280 1520 sive
308 1461 413 1518 inl
442 1460 518 1520 'ad
540 1460 802 1519 Corinth.
834 1461 966 1531 Vll,
988 1458 1166 1521 verba
1190 1460 1406 1519 Christi
1440 1483 1770 1542 exponens,
1802 1462 1900 1522 illa
1929 1462 2006 1523 de
2035 1462 2155 1522 sola
2188 1461 2273 1522 di·

160 1556 433 1614 missione
463 1555 655 1637 quoad
677 1555 914 1615 thorum
938 1555 1190 1636 explicat
1213 1555 1288 1614 ad
1311 1555 1706 1625 exclusionem
1740 1557 2044 1617 solutionis
2077 1558 2273 1640 quoad

157 1650 475 1712 vinculum.
902 1668 905 1674 ¹
1722 1665 1729 1672 '

242 1746 376 1805 131.
420 1747 622 1827 Neque
649 1745 760 1804 alia
784 1746 891 1804 fuit
918 1747 979 1803 in
1004 1746 1343 1805 universum
1360 1747 1598 1804 Patrum
1621 1758 1681 1805 et
1705 1747 1964 1806 Ecclesiae
1986 1747 2270 1809 doctrina.

157 1842 213 1899 S.
235 1842 583 1919 Augustinus
614 1842 693 1898 ita
733 1862 862 1898 eam
902 1844 1298 1922 propugnavit
1322 1886 1338 1914 ‚
1375 1853 1442 1899 ut
1483 1840 1555 1899 ab
1597 1841 1722 1922 ipso
1766 1844 2022 1921 primum
2058 1844 2117 1901 in
2161 1845 2274 1902 Ec·-

154 1935 387 1995 clesiam
432 1935 593 1994 illam
628 1937 918 1995 invectam
973 1936 1145 1994 fuisse
1185 1936 1501 1995 Lutherani
1545 1947 1604 1996 et
1649 1936 1974 1997 Calviniani
2025 1939 2272 2020 (quise

155 2052 371 2112 nempe
407 2032 709 2111 Augustini
754 2042 813 2090 et
863 2031 1109 2113 quidem
1148 2034 1318 2090 unius
1361 2030 1601 2090 asseclas
1647 2034 1819 2091 toties
1871 2034 2271 2114 profitentur)

54 2201 57 2207 Α
155 2136 414 2183 asserant
431 2170 446 2198 .,
469 2137 528 2184 et
550 2124 624 2184 ab
650 2125 894 2185 Ecclesia
929 2126 1047 2184 sola
1074 2127 1375 2204 Augustini
1402 2127 1741 2186 auctoritate
1761 2138 2075 2208 receptam.
2101 2129 2272 2188 Certe

154 2218 509 2278 Bohemerus
545 2242 574 2277 τ.
600 2220 744 2279 Non
784 2224 1109 2291 erravisse,
1136 2222 1214 2278 ait
1234 2266 1248 2294 ·,
1273 2222 1518 2298 judicio
1549 2243 1653 2280 suo
1678 2267 1693 2294 .‚
1720 2227 1836 2300 qui
1865 2227 2270 2301 scripserunt,

92 2380 96 2383 ,
155 2326 386 2372 mortuo
433 2315 772 2395 Auyustino
802 2358 825 2387 ,
878 2321 1229 2374 universum
1272 2318 1472 2375 orbem
1517 2321 1756 2395 factum
1807 2321 2001 2396 fuisse
2058 2319 2270 2398 Anqu-

153 2412 496 2466 stinianum
531 2409 642 2488 (l).
686 2411 757 2467 At
802 2410 962 2469 enim
994 2431 1103 2469 nec
1135 2411 1392 2492 primum
1421 2432 1530 2470 nec
1568 2411 1757 2470 solum
1793 2413 1852 2470 S.
1883 2413 2271 2490 Augustinum

158 2501 231 2561 de
261 2501 769 2562 indissolubilitate
802 2504 883 2561 ita
905 2504 1191 2580 judicasse
1230 2505 1551 2563 ostendunt
1589 2506 2129 2586 antiquissimorum
2158 2509 2271 2567 Pa-

156 2608 314 2654 trum
343 2597 642 2678 utriusque
670 2597 925 2656 Ecclesiae
950 2599 1282 2680 testimonia
1304 2643 1319 2672 ‚
1346 2619 1474 2681 quae
1501 2599 1721 2659 indicat
1750 2600 2131 2661 Bellarminus
2154 2601 2266 2686 (2),

158 2691 325 2750 affert
363 2713 496 2752 vero
528 2714 592 2751 ac
624 2693 746 2752 fuse
778 2692 1056 2774 expendit
1092 2693 1379 2774 Tournely
1406 2695 1519 2775 (3).

242 2785 376 2846 132.
404 2788 519 2845 Nos
544 2807 611 2844 ex
641 2787 730 2845 his
748 2786 1052 2846 brevitatis
1077 2789 1255 2867 gratia
1278 2788 1392 2847 duo
1415 2789 1706 2869 seligimus
1732 2789 2080 2851 documenta
2107 2795 2269 2853 omni

158 2884 495 2963 exceptione
522 2886 762 2961 majora.
813 2883 1075 2943 Alterum
1113 2885 1450 2966 suppeditat
1492 2886 1812 2946 Concilium
1844 2888 2268 2949 Illiberitanum

161 2997 312 3035 anno
342 2978 458 3037 313
508 2979 897 3053 celebratum,
946 2979 1102 3060 quod
1149 3002 1276 3039 can.
1328 2983 1404 3039 IX
1438 2984 1638 3040 statuit
1677 3005 1691 3041 :
1739 2985 1964 3043 Fidelis
1984 2988 2223 3064 femina
2240 3028 2265 3056 ,

159 3093 291 3150 quoe
323 3075 668 3133 adulterum
705 3080 1003 3134 maritum
1043 3078 1356 3155 reliquerit
1378 3078 1637 3154 fidelem,
1677 3090 1733 3136 et
1765 3082 2023 3139 alterum
2057 3081 2257 3150 ducit,
2317 3106 2323 3113 ·

151 3168 549 3245 prohibeatur
572 3214 593 3241 ,
621 3193 692 3229 ne
732 3172 951 3239 ducam
983 3176 1039 3230 si
1076 3183 1277 3230 autem
1314 3174 1589 3244 duxerit,
1630 3197 1751 3234 non
1783 3181 1969 3256 prius
2006 3159 2269 3256 accipiai

229 3400 294 3461 (1)
331 3399 388 3446 In
426 3399 511 3447 lib.
546 3417 591 3448 iv
621 3401 812 3465 Decret.
849 3404 918 3451 tit.
958 3419 1036 3452 xix
1058 3441 1071 3463 ‚
1103 3401 1173 3452 De
1325 3368 1388 3468 (3)
1425 3407 1596 3472 Quaest.
1639 3423 1684 3466 v,
1710 3416 1794 3455 art.
1826 3422 1892 3468 11,
1924 3408 2073 3457 concl.
2109 3409 2138 3457 3
2161 3426 2265 3470 ‚ar-

158 3480 335 3529 divort.
1253 3506 1382 3553 gum.
1419 3505 1447 3535 2
1468 3527 1480 3548 ‚
1519 3506 1597 3538 seu
1629 3490 1708 3536 cit.
1737 3488 1845 3538 edit.
1874 3490 1961 3539 loc.
1996 3493 2077 3541 cit.
2100 3510 2149 3557 p.
2172 3487 2265 3553 146

222 3562 293 3626 (2)
331 3561 409 3611 De
430 3560 579 3614 Matr.
597 3562 776 3630 cap.16
795 3602 808 3626 ‚
826 3584 875 3616 n.
895 3563 961 3630 48
977 3579 1021 3617 et
1037 3586 1166 3635 seqq.
1253 3581 1297 3622 et
1328 3585 1452 3633 seqq.
