2612 4146
343 159 421 217 62
878 177 1206 217 msc-ruus
1250 176 1319 211 ns
1362 175 1622 219 ux'rnnna
1667 181 1965 222 morione.

422 325 522 384 26.
569 323 704 403 Obj.
744 322 1017 382 secunda.
1063 321 1126 378 1ο
1163 319 1332 377 Istius
1370 319 1729 384 Sacramenti
1767 328 1990 386 mentio
2030 329 2190 389 nulla
2221 334 2470 391 occurrit

340 420 500 505 apud
525 421 834 503 scriptores
865 415 1044 497 primi
1085 436 1150 474 ac
1181 413 1423 475 secundi
1450 416 1708 478 Ecclesiae
1735 423 1946 498 seculi3
1984 423 2131 484 illud
2165 448 2286 485 non
2313 448 2471 490 com-

340 528 676 578 memorant
699 515 898 572 Patres
925 533 1036 571 sec.
1073 512 1146 570 IV
1174 557 1190 585 ,
1231 511 1410 570 etiam
1432 533 1567 571 cum
1593 534 1666 573 ex
1688 514 1957 580 instituto
1986 519 2059 590 de
2082 522 2469 583 Sacramentis

340 625 544 695 agunt.
590 614 865 672 Auctores
900 608 1047 690 ipsi,
1089 607 1189 689 qui
1223 629 1257 666 a
1286 608 1340 667 V
1377 607 1453 666 ad
1485 609 1563 668 IX
1591 610 1851 672 seculum
1891 637 2074 698 usque
2107 617 2466 695 floruerunt3

338 719 679 792 perceptam
715 703 957 787 quidem
990 701 1063 763 ab
1093 703 1342 764 infirmis
1385 704 1683 764 morituris
1711 707 2129 772 Eucharistiam
2160 715 2466 790 referuntt,

339 805 613 885 nuspiam
651 823 791 862 vero
834 799 908 860 de
944 811 1222 882 percepta
1256 798 1330 859 ab
1370 800 1438 858 iis
1483 801 1755 862 Extrema
1794 804 2080 867 Unctione
2127 809 2469 891 loquuntur.

339 902 408 959 20
424 897 687 974 Accedit,
709 898 1025 977 Origenem
1048 896 1112 956 in
1139 894 1398 957 adducto
1427 898 1761 958 testimonio
1779 922 1901 959 non
1918 923 2087 983 agere
2107 904 2182 965 de
2198 908 2471 967 Extrema

338 996 630 1059 Unctione
651 1039 667 1069 ,
711 993 815 1054 sed
848 992 921 1053 de
956 993 1338 1075 poenitentia3
1376 991 1442 1051 30
1472 995 1762 1054 Irenaeum
1788 1008 2075 1077 praeterea
2122 1001 2473 1063 Valentinia-

338 1092 430 1154 nis
456 1092 544 1173 (1)
571 1138 587 1166 ,
624 1089 1021 1173 Epiphaniam
1059 1110 1199 1170 vero
1238 1087 1327 1170 (2)
1361 1100 1421 1147 et
1461 1090 1848 1169 Augustinum
1892 1092 1978 1173 (3)
2006 1096 2345 1162 unctionem
2377 1100 2474 1159 in·-

342 1192 653 1250 firmorum
695 1185 1028 1247 adscribere
1076 1183 1535 1261 Heracleonitis,
1590 1185 2025 1249 Theodoretum
2068 1203 2266 1253 autem
2316 1197 2473 1256 inter

339 1287 827 1347 Archonticorum
846 1304 1070 1344 errores
1087 1301 1391 1342 recensere
1407 1280 1521 1362 (4);
1539 1280 1606 1341 40
1623 1285 1971 1345 Decentium
1986 1287 2186 1348 dehoc
2202 1289 2474 1370 dogmate

339 1381 639 1443 dubitasse
656 1426 672 1457 ,
700 1392 878 1462 atque
898 1378 976 1439 ad
999 1377 1432 1438 dubitationem
1447 1399 1614 1438 suam
1629 1378 2047 1462 depellendam
2062 1387 2473 1448 Innocentium

340 1481 686 1541 Pontificem
720 1477 1096 1539 consuluisse.
1132 1477 1198 1536 5⁰
1231 1476 1382 1536 Cum
1419 1474 1691 1535 Urbanus
1729 1478 1810 1538 III
1831 1525 1848 1554 ,
1890 1479 1952 1538 in
1987 1490 2115 1563 cap.
2167 1484 2280 1546 Vir
2298 1486 2369 1544 de
2390 1507 2475 1545 se-

337 1579 557 1638 canolis
594 1579 834 1657 nuptiis
842 1619 867 1648 ,
909 1573 1308 1657 respondisset
1341 1572 1451 1634 viri
1475 1584 1535 1631 et
1563 1572 1820 1634 mulieris
1866 1577 2082 1638 iterum
2117 1579 2472 1642 nubentium

338 1817 514 1849 novam
533 1799 902 1848 cohortationem
918 1798 1140 1862 incipere.
1159 1795 1336 1845 Verum
1350 1833 1364 1855 ‚

339 1883 572 1950 quidquid
603 1882 661 1930 de
685 1882 776 1930 hoc
800 1885 889 1944 sit,
915 1881 1086 1947 juverit
1110 1880 1188 1928 hic
1220 1878 1368 1927 adno—

340 1976 438 2015 tare
489 1965 851 2016 Protestantium
905 1963 1073 2030 agendi
1115 1965 1366 2013 rationem.

340 2048 585 2098 Interdum
616 2051 742 2097 enim
775 2065 963 2096 omnem
999 2049 1231 2096 unctionis
1259 2047 1371 2097 effe-

340 2142 470 2180 ctum
497 2131 581 2179 soli
602 2131 703 2180 oleo
731 2129 979 2190 tribuunt,
999 2132 1134 2197 cujus
1162 2131 1370 2195 singula·

341 2232 438 2262 rem
483 2216 578 2262 vim
606 2216 658 2261 in
684 2212 986 2262 orientalibus
1010 2212 1275 2277 regionibus
1292 2230 1371 2261 ex-

341 2296 543 2357 tollunt,
584 2298 650 2344 ita
682 2306 734 2344 ut
755 2333 769 2352 ‚
804 2297 842 2343 si
868 2297 979 2360 ipsis
1006 2295 1167 2344 credas
1187 2331 1204 2357 ‚
1237 2294 1369 2343 nullo

341 2380 487 2429 ferme
510 2379 602 2428 alio
620 2379 826 2428 remedio
853 2378 965 2427 olim
987 2378 1157 2427 medici
1183 2388 1369 2427 uteren-

343 2472 421 2511 tur
455 2462 513 2511 ad
550 2462 739 2510 morbos
780 2462 1045 2522 sanandos;
1092 2462 1204 2509 hinc
1246 2461 1367 2510 refe-

344 2556 455 2593 runt
474 2582 487 2605 ‚
522 2544 654 2610 quod
678 2581 691 2604 ,
719 2543 923 2610 Josepho
952 2554 1067 2593 teste
1090 2581 1103 2605 ,
1133 2542 1216 2590 De
1235 2542 1369 2591 Bello

345 2625 559 2675 Iudaico
576 2665 590 2684 ‚
625 2627 795 2676 medici
812 2630 1032 2693 jusserint
1061 2626 1296 2676 Herodem
1319 2628 1370 2673 in

345 2726 560 2774 supremo
593 2710 756 2759 morbo
780 2711 870 2758 olei
899 2711 1126 2759 balneum
1153 2710 1368 2774 ingredi3

347 2791 476 2859 quod
494 2800 667 2841 veteres
686 2793 942 2858 ampullam
969 2793 1192 2841 oleariam
1211 2810 1370 2841 secum

346 2876 398 2923 in
441 2876 604 2922 itinere
655 2874 937 2935 detulerint,
991 2885 1043 2923 ut
1088 2886 1268 2924 constat
1316 2891 1372 2923 ex

346 2956 467 3006 Luc.
498 2973 532 3004 x
552 2993 566 3016 ‚
590 2953 656 3019 34
680 2974 694 3020 ;
727 2957 859 3024 quod
878 2945 1086 3023 Apostoli
1105 2960 1175 3006 usi
1198 2957 1374 3006 fuerint

348 3039 450 3090 oleo
470 3049 695 3106 tanquam
720 3040 1065 3089 medicamento
1098 3041 1158 3089 ad
1181 3040 1373 3089 morbos

348 3121 612 3186 sanandOS,
641 3126 774 3190 quasi
820 3123 996 3172 scilicet
1030 3121 1243 3172 Christus
1279 3122 1374 3172 Do-

350 3208 506 3257 minus
567 3208 696 3258 velut
728 3206 842 3256 alter
883 3205 1184 3271 Hippocrates
1235 3207 1374 3255 disci-

350 3288 490 3353 pulos
515 3293 574 3341 ad
603 3301 749 3340 artem
794 3289 1023 3338 medicam
1070 3290 1372 3337 exercendam

352 3375 543 3422 miserit.
593 3374 702 3423 Haec
726 3374 909 3438 aliaque
949 3372 1177 3439 ejusmodi
1207 3374 1374 3436 passim

351 3465 586 3519 nugantur
617 3456 911 3505 Wetstenius
942 3455 999 3503 ad
1039 3454 1151 3502 Luc.
1179 3471 1237 3513 x,
1273 3451 1373 3517 343

353 3536 677 3601 LightfootuS‚
722 3540 878 3587 Horoe
918 3536 1075 3587 Hebr.
1125 3547 1171 3584 et
1233 3535 1378 3584 Thal-

352 3619 592 3680 mudicoe,
621 3620 680 3669 ad
714 3619 885 3671 Matth.
927 3636 1007 3682 vt,
1044 3637 1122 3689 17,
1155 3630 1199 3669 et
1226 3620 1376 3669 Marci

354 3720 430 3766 vi,
472 3700 569 3768 143
611 3701 843 3766 Kuinoel‚
885 3704 1152 3755 Commeat.
1190 3704 1245 3751 in
1287 3702 1375 3752 lib.

1449 1793 1567 1843 hist.
1602 1795 1734 1844 Novi
1769 1796 1902 1845 Test.
1931 1797 1990 1845 ad
2022 1797 2171 1847 Marc.
2199 1815 2277 1858 vl;
2306 1800 2480 1850 Roseu-

1451 1878 1621 1927 miiller
1647 1881 1697 1927 in
1729 1878 1882 1929 schol.
1902 1881 1960 1928 ad
1984 1880 2147 1930 Jacob.
2172 1900 2219 1930 v.
2249 1882 2352 1933 Imo
2369 1885 2475 1933 Pott

1451 1971 1497 2010 et
1523 1961 1642 2010 illud
1674 1962 1838 2025 addit,
1865 1962 2139 2028 Apostolum
2166 1964 2394 2015 Jacobum
2422 1970 2474 2015 in

1451 2055 1595 2105 textu,
1616 2045 1673 2093 de
1692 2064 1785 2112 quo
1800 2049 2001 2112 agimus,
2017 2050 2223 2113 jussisse,
2248 2059 2298 2096 ut
2314 2049 2474 2098 fideles

1453 2128 1731 2177 advocarent
1760 2128 2051 2195 Presbyter-os
2085 2137 2247 2195 utpote
2277 2133 2472 2185 omnino

1454 2211 1841 2275 prudentissimos
1861 2250 1873 2271 ,
1921 2214 1987 2260 sic
2034 2213 2148 2261 forte
2171 2215 2324 2261 .etiam
2363 2215 2473 2262 artis

1455 2293 1647 2341 medicae
1690 2295 2009 2358 peritissimos.
2060 2293 2231 2343 Contra
2262 2313 2370 2344 vero
2395 2295 2475 2344 hic

1453 2378 1536 2423 toti
1569 2377 1620 2423 in
1652 2393 1706 2424 eo
1747 2386 1888 2436 sunt,
1923 2388 1975 2425 ut
2012 2381 2201 2440 omnia,
2232 2381 2475 2445 ipsamque

1453 2458 1567 2507 adeo
1580 2462 1822 2508 sanitatem
1840 2461 1947 2508 solis
1961 2460 2174 2525 precibus
2187 2462 2473 2522 adscribant,

1452 2544 1836 2608 contendantque
1856 2581 1869 2604 ,
1887 2544 2042 2591 oleum
2067 2561 2166 2592 non
2186 2544 2316 2601 alind
2333 2546 2475 2594 fuisse

1452 2626 1541 2672 nisi
1574 2626 1840 2690 symbolum
1870 2629 2121 2674 sanationis
2138 2663 2151 2684 ,
2179 2645 2321 2692 quam
2347 2627 2471 2677 Deus

1455 2718 1667 2757 exoratus
1700 2708 1879 2757 tribuit.
1900 2708 1956 2756 Et
1977 2709 2027 2756 hi
2049 2719 2160 2757 sunt
2171 2743 2189 2770 ,
2215 2726 2331 2774 quos
2353 2725 2471 2756 non-

1455 2791 1574 2839 nulli
1592 2794 1640 2838 in
1659 2791 1941 2855 exponendis
1959 2789 2208 2855 Scripturis
2234 2790 2349 2839 adeo
2376 2808 2469 2839 sus·

1456 2875 1633 2938 piciunt
1654 2875 1665 2920 Ξ
1690 2871 2019 2938 Experimento
2039 2874 2243 2937 comperi
2261 2907 2278 2933 ,
2301 2874 2340 2920 si
2363 2891 2470 2937 par-

1457 2965 1550 3004 tem
1566 2954 1892 3019 philologicam
1911 2956 2124 3020 excipias,
2135 2957 2186 3002 in
2206 2973 2298 3021 qua
2315 2963 2470 3003 tamen

1457 3040 1708 3102 saepissime
1749 3037 2078 3102 decipiuntur,
2120 3037 2240 3085 nihil
2274 3039 2473 3086 inveniri

1457 3123 1507 3168 in
1533 3121 1764 3186 ejusmodi
1800 3120 2151 3185 interpretibuS‚
2189 3121 2315 3186 quod
2343 3138 2473 3168 com-

1457 3205 1606 3269 parari
1637 3205 1779 3267 possit
1798 3219 1906 3250 cum
1931 3204 2294 3267 expositionibus
2310 3203 2474 3252 Catho-

1453 3288 1652 3336 licorum
1674 3289 2001 3351 interpretum.

1528 3370 1593 3434 (l)
1637 3369 1780 3419 Com.
1818 3368 2010 3418 Haeres.
2044 3368 2133 3420 lib.
2172 3388 2186 3417 1
2211 3408 2225 3431 ,
2254 3388 2357 3435 cap.
2393 3385 2479 3426 αι,

1458 3471 1510 3502 n.
1539 3450 1591 3502 5.
1626 3454 1740 3502 edit.
1775 3451 2013 3505 Massueti.

1526 3535 1593 3597 (2)
1633 3533 1823 3584 Haeres.
1843 3552 1979 3582 xxxv1
2002 3572 2014 3592 ,
2031 3553 2080 3582 n.
2097 3551 2126 3583 2
2152 3572 2165 3593 ,
2183 3536 2294 3582 edit.
2323 3533 2475 3580 PetaV.

1530 3619 1598 3683 (8)
1634 3618 1740 3667 Lib.
1776 3617 1845 3667 De
1868 3618 2158 3667 hoeresib.n.
2193 3613 2273 3665 16.

1530 3701 1598 3766 (4)
1634 3701 1822 3753 Haeret.
1846 3700 2004 3766 fabul.
2030 3700 2115 3750 lib.
2144 3717 2160 3749 ι
2186 3735 2200 3760 ,
2231 3716 2281 3747 n.
2315 3712 2392 3745 11.
