2508 4120
2051 163 2178 223 2192

442 197 594 237 -CAP.
641 197 678 233 1.
723 196 794 233 DE
836 193 1186 233 MA'rmmomo
1226 193 1287 228 IN
1329 191 1390 227 SE
1431 186 1726 228 SPECTATO.

69 343 344 402 dictionis
389 341 456 397 in
479 342 823 417 viryim'tate
836 344 1241 415 permaneant
1266 333 1378 411 (1).
1413 333 1554 405 Quae
1578 329 1758 408 jussio
1783 348 1892 410 pro
1925 326 2045 385 ritu
2077 348 2173 387 ac-

68 434 336 498 cidentali
363 454 426 492 ac
450 454 609 492 mere
635 429 1000 491 ceremoniali
1023 429 1285 509 apposita
1311 448 1436 486 non
1474 426 1728 510 videtur.
1764 426 2131 505 Quapropter
2150 466 2166 497 .,

68 528 422 590 concludunt
445 574 461 599 .,
499 528 596 607 qui
628 526 1013 584 ministerium
1050 521 1381 599 hujusmodi
1406 518 1807 580 Sacerdotibus
1833 519 2126 596 denegant
2150 563 2167 591 ,

68 626 107 683 ii
132 625 315 683 facere
340 622 612 682 videntur
641 621 856 678 incauti
880 664 896 692 a
917 630 982 676 ut
1010 616 1364 675 Sacramenti
1388 616 1601 674 veritas
1626 625 1826 673 contra
1852 615 2173 674 Novatores

72 741 142 778 ex
167 717 477 776 traditione
512 715 743 774 defendi
768 717 864 774 vix
895 711 1074 794 possit
1094 710 1200 788 (2).

153 812 251 870 38.
294 811 516 889 Urgent
544 810 612 867 20
648 808 1033 890 prolationem
1054 803 1366 863 verborum
1391 801 1645 882 parocho
1667 824 1697 860 a
1726 801 1979 861 Concilio
2004 800 2165 861 Trid.

72 906 466 989 praescriptam
508 905 571 962 in
606 904 942 984 nuptiarum
977 897 1360 961 celebratione
1402 919 1416 954 :
1460 898 1589 975 Eyo
1619 919 1716 955 vos
1744 902 1814 955 in
1847 898 2173 957 lisatrz'mo-

72 1006 247 1059 m'um
282 1006 574 1078 0072vaqu
614 997 739 1075 (3),
779 1017 907 1077 quae
951 992 1211 1076 profecto
1250 993 1295 1051 si
1337 1003 1749 1073 comparentur
1794 1012 1927 1050 cum
1976 991 2104 1051 aliis
2150 1013 2166 1050 τ

71 1095 199 1173 Eyo
231 1105 281 1152 te
311 1096 615 1172 baptizo...
647 1112 742 1170 eqo
765 1101 815 1148 te
851 1091 1106 1157 absolvo,
1130 1098 1324 1168 patet,
1360 1086 1629 1152 eamdem
1658 1087 1718 1144 in
1740 1085 2013 1144 omnibus
2053 1087 2176 1145 vim

73 1189 261 1248 inesse
295 1186 615 1258 efficiendi,
649 1183 802 1265 quod
825 1184 1146 1262 significant
1166 1227 1182 1256 ,
1218 1204 1339 1240 non
1357 1192 1554 1241 aute-m
1577 1181 1908 1241 declarandi
1949 1180 2179 1258 solum,

72 1295 171 1341 aut
201 1281 454 1341 testandi
491 1278 899 1338 contrahentes
931 1299 1052 1337 esse
1079 1282 1440 1355 conjunctos.

153 1368 251 1435 39.
300 1378 520 1454 Urgent
543 1374 607 1433 30
630 1374 950 1453 analogiam
986 1372 1229 1431 aliorum
1273 1374 1782 1432 sacramentorum
1810 1418 1827 1447 ,
1867 1394 1997 1454 quae
2022 1393 2178 1430 non-

72 1471 180 1529 nisi
194 1493 226 1529 a
243 1469 644 1529 Sacerdotibus
664 1468 1148 1528 administrantur
1162 1512 1181 1544 ‚
1209 1466 1502 1527 scribente
1522 1468 1842 1549 praesertim
1863 1467 2136 1550 Apostolo
2160 1487 2180 1526 ι

136 1714 203 1777 (1)
241 1715 354 1764 Can.
372 1732 474 1765 xm.
494 1714 629 1780 Apud
651 1715 792 1764 Hard.
810 1716 942 1765 Acta
959 1714 1084 1764 Con-

73 1795 154 1844 eit.
187 1806 301 1843 tom.
334 1814 385 1857 1,
415 1796 504 1844 col.
539 1795 660 1861 980.

143 1879 212 1943 (2)
227 1878 446 1926 Nonnulli
461 1889 572 1926 aestu
588 1880 909 1944 disputationis
922 1877 1086 1942 abrep-

72 1962 105 2008 ti
145 1962 310 2008 limites
353 1978 510 2008 omnes
551 1962 783 2009 modestiae
844 1962 1082 2008 excessisse

75 2043 294 2091 videntur
319 2046 368 2091 in
402 2047 626 2092 contraria
647 2044 961 2109 impugnanda
979 2061 1083 2090 scn-

73 2127 231 2172 tentia.
268 2125 389 2173 Sane
416 2125 553 2174 Joan.
586 2125 643 2174 A.
671 2125 832 2173 Petzek
857 2162 870 2184 ,
895 2124 1082 2171 Fribur-

61 2207 210 2268 'gensis
251 2205 494 2253 Canonum
530 2207 782 2269 professor,
823 2205 875 2252 in
921 2223 1076 2269 opusc.

69 2285 126 2333 V
125 2287 318 2334 indicia»
352 2287 698 2335 dissertationis
742 2287 799 2335 de
845 2296 1078 2352 potestate

66 2366 117 2414 E
119 2367 295 2415 cclesiae
312 2370 367 2415 in
381 2370 646 2417 statuendis
659 2371 975 2417 Matrimonii
987 2372 1077 2417 im-

61 2447 377 2511 pedimentis,
408 2449 619 2513 Friburgi
665 2449 787 2516 1787
809 2485 822 2510 ,
854 2469 958 2514 pag.
988 2449 1071 2516 49,

69 2538 169 2576 not.
203 2544 264 2594 27
286 2563 299 2586 ‚
342 2532 606 2577 sententiam
628 2567 641 2588 ‚
680 2546 782 2595 quae
806 2532 1079 2579 contrahen-

69 2620 131 2657 tes
152 2607 435 2657 Sacramenti
461 2613 689 2657 ministros
720 2614 912 2669 statuit}
933 2622 976 2659 et
1003 2615 1078 2659 in-

67 2690 201 2737 firmo
229 2693 314 2737 niti
350 2691 658 2739 fundamento
681 2728 694 2750 ‚
727 2700 770 2738 et
790 2690 939 2756 plane
967 2691 1078 2740 reli-

64 2772 224 2834 qionis
269 2771 567 2835 doqmatibus
609 2771 925 2837 periculosam
982 2789 1079 2821 esse

66 2854 284 2913 asseruit,
311 2870 364 2900 eo
387 2853 508 2917 quod
528 2889 541 2911 ‚
572 2852 650 2900 illa
683 2854 879 2901 admissa
898 2890 911 2912 ‚
943 2853 1078 2901 nulla

68 2934 249 2980 ratione
267 2934 481 2981 adversus
507 2934 812 2983 Protestantes
837 2935 1078 2985 Matrimo-

70 3014 135 3058 nii
174 3013 516 3063 Sacramentum
557 3034 611 3064 ex
647 3018 890 3066 traditione
920 3020 1078 3066 vindi-

75 3095 165 3140 cari
194 3098 347 3158 possit.
377 3096 484 3148 Car.
511 3097 606 3145 Jos.
630 3098 686 3146 de
706 3098 900 3155 Lasaux,
928 3103 975 3146 in
999 3117 1076 3165 op.

88 3173 581 3243 Ueberei‘nstimmumq
620 3180 704 3226 der
719 3181 1080 3243 franzo'sisclzen

71 3265 157 3304 etc.
174 3274 249 3304 seu
271 3257 592 3308 Consonantia
610 3260 761 3325 leqnm
781 3261 1080 3311 Gallicarum

70 3337 125 3383 de
153 3336 354 3385 divortio
386 3355 494 3388 cum
539 3341 631 3390 Dei
663 3342 832 3402 verbo,
873 3343 1080 3394 Coblenz

79 3415 205 3465 1816
227 3455 239 3475 ,
271 3435 372 3483 pag.
414 3422 476 3469 30
513 3433 557 3470 et
582 3442 710 3490 seqq.
742 3427 1004 3488 opinionem
1023 3427 1079 3475 de

70 3500 445 3549 contrahentibus
491 3513 709 3570 tanquam
738 3509 956 3556 ministris
999 3508 1080 3557 Sa-

71 3585 291 3630 cramenti
311 3582 370 3629 ab
402 3600 626 3646 erronea,
656 3598 707 3635 ut
730 3590 826 3647 ait,
855 3593 1077 3639 sententia

71 3662 127 3710 de
162 3662 450 3713 Matrimonio
493 3666 855 3718 Christianorum
885 3705 902 3732 ‚
951 3674 1075 3737 quod

1166 1714 1342 1780 absque
1373 1712 1665 1763 Sacramento
1689 1717 1932 1764 consistere
1958 1725 2177 1782 nequeat,

1164 1797 1431 1860 profluxisse
1450 1807 1619 1845 censet.
1649 1796 1797 1861 Quam
1821 1797 1898 1845 hic
1916 1809 2076 1845 auctor
2100 1815 2180 1846 vo-

1164 1889 1235 1926 cat
1260 1882 1538 1927 sententiam
1577 1894 1824 1926 erroneam
1857 1879 1915 1926 de
1945 1882 2179 1943 insepara-

1163 1958 1247 2005 bili
1278 1962 1454 2006 ratione
1487 1969 1746 2007 contractus
1761 1969 1804 2007 et
1820 1958 2105 2007 Sacramenti
2127 1959 2183 2007 in

1163 2043 1386 2106 conjugiis
1412 2041 1780 2109 Christianorum
1799 2078 1813 2102 ,
1848 2051 1915 2090 est
1956 2045 2180 2092 sententia

1162 2122 1298 2186 plane
1324 2123 1541 2171 catholica
1562 2160 1576 2180 ‚
1608 2133 1661 2171 ut
1703 2132 1858 2188 postea
1893 2123 2185 2174 videbimus.
2257 2149 2261 2155 ·

1162 2203 1358 2251 Marian.
1382 2203 1648 2270 Dobmayer
1665 2242 1678 2265 ‚
1701 2208 1751 2252 in
1782 2203 2002 2268 Systema
2029 2204 2170 2255 theol.

1159 2283 1378 2334 catholic.
1421 2297 1537 2334 tom.
1575 2303 1637 2334 vn
1664 2322 1681 2349 ‚
1729 2286 1952 2334 Salisbaci
2002 2286 2131 2353 1819
2156 2325 2170 2348 ,

1158 2383 1263 2430 pag.
1298 2364 1397 2428 428
1420 2378 1463 2414 et
1489 2385 1613 2432 seqq.
1640 2368 1801 2427 docet,
1827 2369 1886 2415 ob
1917 2369 2175 2416 traditionis

1157 2458 1340 2494 tanturn
1375 2448 1708 2495 obscuritatem
1727 2449 2001 2495 etnondum
2034 2450 2173 2498 latam

1160 2528 1217 2575 ab
1238 2527 1432 2575 Ecclesia
1448 2527 1765 2575 definitionem
1785 2565 1798 2589 ‚
1819 2532 1868 2576 in
1884 2531 2049 2578 scholis
2073 2534 2175 2596 opi-

1158 2610 1352 2655 m‘onem
1392 2612 1627 2657 novitiam
1676 2611 1732 2659 de
1781 2613 2172 2663 contrahentibus

1129 2733 1131 2737 .
1159 2690 1285 2739 Sacr.
1313 2690 1594 2740 Matrimonii
1637 2694 1897 2743 invaluisse.
1927 2694 2089 2744 Sauter
2122 2699 2174 2745 in

1161 2789 1235 2836 op.
1266 2772 1608 2821 Fundamenta
1627 2776 1767 2839 juris
1792 2774 1970 2825 Eccles.
2001 2777 2174 2827 cathol.

1161 2853 1273 2900 edit.
1301 2852 1361 2915 3,
1390 2853 1590 2902 Rotwilae
1627 2853 1772 2904 1826.
1805 2857 1967 2906 Mauro
2009 2858 2171 2922 Hagel,

1160 2934 1375 3002 theologo
1415 2935 1704 3002 Dillingano,
1743 2943 1965 2988 sententia
2002 2942 2058 2989 de
2089 2939 2174 2990 Sa-

1162 3017 1342 3065 cerdote
1367 3021 1581 3069 ministro
1604 3021 1717 3069 adeo
1742 3031 1860 3070 certa
1887 3023 1971 3070 fuit
1989 3060 2001 3080 ‚
2027 3033 2077 3070 ut
2094 3040 2177 3086 op-

1164 3102 1362 3163 positam
1407 3105 1685 3150 sententiam
1721 3101 1868 3168 plane
1914 3103 2174 3150 absurdam

1163 3198 1258 3229 esse
1296 3181 1622 3245 affirmaverit,
1662 3195 1707 3233 et
1733 3188 1850 3232 inter
1881 3185 2171 3233 scholastico—

1162 3280 1267 3310 rum
1316 3275 1577 3313 commenta
1627 3268 1938 3314 numeraverit
1987 3268 2037 3313 in
2090 3284 2171 3331 op.

1163 3343 1520 3395 Demonstratio
1551 3346 1654 3395 Rel.
1677 3348 1841 3395 christ.
1885 3347 2052 3396 cathol.
2077 3348 2176 3397 Au-

1162 3437 1282 3489 gust.
1307 3427 1494 3477 Vindel.
1527 3428 1651 3476 1832
1670 3464 1683 3487 ‚
1706 3437 1822 3477 tom.
1853 3446 1906 3489 11,
1928 3447 2030 3495 pag.
2055 3446 2172 3478 212.

1159 3510 1235 3560 Sic
1253 3512 1333 3559 alii
1357 3530 1453 3560 non
1467 3513 1605 3578 pauci
1628 3511 1752 3576 apud
1776 3511 2064 3579 Ro'skovany,
2090 3531 2170 3578 op.

1157 3595 1238 3641 cit.
1267 3593 1293 3659 §
1316 3610 1399 3660 27.

1227 3676 1289 3737 (3)
1322 3675 1443 3726 Sess.
1466 3693 1588 3736 xxiv,
1621 3673 1694 3725 De
1720 3678 1970 3741 reformat.
1985 3694 2089 3741 cap,
2122 3691 2169 3725 1.
