2508 4120
404 160 523 197 GAP.
566 159 651 196 111.
699 159 766 194 ΒΕ
801 156 1187 195 ῙΜΡΕΒΙΜΕΝΤῙΒ
1230 154 1595 208 MATRIMORu,
1635 155 1756 194 mc.

2002 133 2118 193 351

41 314 127 364 est
143 299 590 360 fundamentum
618 344 634 374 ,
664 319 838 380 quare
862 319 1041 358 causae
1071 297 1522 358 matrimoniales
1554 297 1629 356 ad
1656 297 1959 358 Ecclesiam
1982 318 2118 378 spe-

39 407 198 458 ctent
215 442 231 470 ,
257 417 386 455 cum
413 395 535 456 haec
561 395 706 454 ratio
728 392 1064 459 universalis
1084 393 1184 465 sit,
1214 404 1274 453 et
1299 414 1499 453 omnes
1516 414 1749 475 prorsus
1764 414 1958 453 causas
1980 415 2117 453 ma·-

36 491 390 552 trimoniales
417 490 646 563 afficiat,
670 510 798 571 quae
820 487 894 548 ad
915 487 1161 568 conjugii
1190 486 1487 549 vinculum
1502 487 1857 563 referuntur,
1882 487 2123 550 evidens

36 598 145 659 est,
170 607 370 646 omnes
394 605 625 667 prorsus
646 604 838 642 causas
852 580 1302 642 matrimoniales
1325 579 1399 640 ad
1424 580 1573 639 solos
1604 581 1825 659 judices
1863 581 2123 642 ecclesia·
2161 577 2164 581 ⁴

35 682 203 739 sticos
231 680 544 762 pertinere.

113 773 257 833 259.
305 772 395 832 Ad
431 771 704 851 effugium
738 792 912 852 porro
950 768 1106 850 quod
1136 769 1375 842 attinet,
1418 769 1714 828 invectum
1744 791 1776 827 a
1816 769 2120 830 nonnullis

35 868 230 928 aulicis
251 865 622 949 scriptoribus
640 911 656 940 ‚
686 877 752 925 ut
780 886 840 924 se
870 863 943 923 ab
966 863 1335 923 anathemate
1373 862 1711 923 Tridentino
1744 863 2111 940 subtrahant,

34 964 104 1021 iis
143 963 278 1045 ipsis
310 960 502 1022 verbis
535 959 723 1043 placet
743 958 886 1019 illud
925 957 1206 1030 evellere,
1227 956 1435 1039 quibus
1470 978 1603 1016 usus
1634 969 1722 1018 est
1745 959 1876 1021 Pius
1902 960 1976 1018 VI
1993 1005 2010 1038 9
2055 960 2118 1019 in

36 1056 299 1137 epistola,
324 1075 498 1137 quam
521 1053 628 1112 sub
647 1054 830 1131 forma
845 1053 1040 1112 Brevis
1065 1051 1227 1112 dedit
1247 1053 1322 1112 ad
1342 1053 1683 1135 Episcopum
1698 1053 2114 1114 Motulensem:

33 1152 307 1230 anotam
326 1151 495 1213 nohis
517 1171 636 1208 non
655 1159 768 1219 est,
798 1145 994 1207 scribit
1009 1192 1025 1221 ,
1055 1148 1342 1225 quosdam
1362 1148 1555 1208 adesse
1574 1192 1591 1217 ,
1619 1151 1731 1226 qai
1750 1150 2117 1208 secularium

33 1245 399 1324 Principum
450 1247 798 1303 auctoritati
825 1244 972 1322 plus
1011 1245 1201 1300 nimio
1237 1242 1585 1309 tribuente&
1623 1252 1681 1300 et
1719 1244 1898 1301 verba
1943 1248 2121 1322 huyne

30 1343 276 1399 canonis
305 1340 461 1418 (xli)
489 1341 736 1417 captiose
769 1344 1249 1416 interpretantes,
1281 1337 1442 1396 illud
1460 1338 1889 1416 defendendum
1923 1360 2118 1398 susce-

21 1443 253 1512 perunt
267 1476 288 1505 ,
325 1444 394 1492 ut
409 1438 695 1512 quoniam
727 1432 1074 1491 Tridentini
1092 1433 1303 1490 Patres
1325 1431 1437 1490 hac
1454 1432 1694 1491 dicendi
1714 1435 1988 1511 formula
2015 1436 2123 1493 ‘asi

32 1548 148 1585 non
170 1530 409 1605 fuerint
424 1549 493 1584 An
517 1547 671 1584 sonos
696 1547 916 1584 sumens
945 1546 1384 1586 Eccmsms‘ncos
1402 1569 1419 1599 ,
1443 1536 1557 1583 aut
1573 1545 1753 1584 omnus
1775 1512 1979 1587 causas
2002 1547 2117 1587 MA·-

29 1639 425 1696 rnmomALES,
444 1611 781 1699 potestatem
809 1619 1513 1697 reliqueruntjudicibue
1540 1622 1713 1677 laicis
1735 1620 2120 1699 cognoscendi

25 1716 230 1774 saltem
260 1735 471 1773 causas
496 1715 1005 1785 matrimoniales,
1038 1719 1170 1791 quoe
1201 1723 1346 1770 sunt
1371 1715 1524 1771 meri
1544 1715 1719 1791 facti.
1749 1715 1867 1773 Sed
1892 1718 2116 1774 scimus

29 1913 96 1952 tec
129 1904 423 1952 ethnicorum
443 1902 720 1969 respublicae
738 1940 752 1962 ‚
779 1911 823 1950 ct
851 1902 1027 1950 habuc·

26 1994 144 2034 runt
161 1994 205 2034 et
219 1986 388 2034 habent
420 1985 693 2050 reliqiosum
718 1984 1030 2036 Matrimonii

28 2067 270 2116 vinculum
316 2105 329 2128 ‚
377 2067 434 2115 de
481 2084 573 2132 quo
611 2076 839 2131 tanquam
881 2065 937 2114 de
977 2081 1028 2113 re

27 2165 162 2197 sacra
170 2147 414 2214 judicant.
434 2144 638 2196 Naturoe
660 2164 749 2196 voa:
774 2147 1027 2194 nationum

21 2230 218 2294 firmata
244 2246 500 2292 consensu,
534 2245 664 2277 nunc
698 2227 907 2294 amplius
929 2244 1026 2277 non

27 2311 286 2359 exauditur
315 2310 374 2359 ab
419 2311 483 2358 iis
502 2346 518 2374 ‚
552 2312 638 2375 qui
668 2312 811 2358 unice
864 2325 1024 2357 veram

22 2391 235 2454 fatentur
256 2391 569 2440 christianam
595 2390 891 2454 reliqionem.
921 2390 1024 2439 No-

28 2473 191 2520 vitatio
221 2488 354 2520 amor
395 2473 624 2536 impotens
659 2471 748 2534 (dc
781 2480 825 2518 te·
845 2487 944 2518 non
961 2469 1026 2518 lo·

26 2570 174 2619 quor,
219 2553 480 2602 clarissime
524 2555 602 2602 cir
623 2555 638 2617 )
662 2590 676 2612 ‚
720 2554 877 2618 turpis
910 2568 1026 2617 quo·

28 2635 250 2684 rumdam
285 2637 477 2684 nomine
520 2633 859 2699 Theoloqorum
878 2696 880 2698 Ι
900 2622 1024 2682 'adu-

27 2717 141 2765 latio
167 2753 181 2777 ‚
233 2733 317 2765 nec
365 2717 424 2765 ab
463 2718 529 2765 iic
577 2716 746 2765 audita
775 2737 798 2776 ·,
853 2715 1026 2780 quibus

30 2815 133 2847 eam
166 2798 356 2846 student
382 2799 546 2865 offerre
561 2836 574 2859 ‚
612 2806 656 2846 et
678 2814 955 2863 perversum
969 2813 1026 2845 ac

31 2878 149 2928 male
170 2896 279 2944 erqa
290 2878 615 2945 Apostolicam
634 2877 899 2927 Romanam
923 2875 1020 2928 Ec-

30 2947 232 3008 clesiam
252 2997 273 3016 ς
303 2962 515 3015 omnium
549 2971 744 3008 matrem
796 2969 840 3008 et
868 2962 1023 3025 maqi-

32 3048 197 3099 stram,
213 3043 476 3091 animatum
489 3042 758 3106 inqenium‚
775 3042 1023 3107 eeupotius

32 3120 291 3167 indomitus
318 3137 374 3169 ac
410 3123 680 3187 effroenatue
703 3121 843 3185 furor
863 3158 876 3182 ‚
906 3123 1022 3170 uni-

33 3216 176 3249 vereoe
205 3210 390 3251 naturoe
434 3218 564 3251 oocce
585 3217 617 3248 a
648 3203 1022 3267 corruptissimis

26 3281 259 3343 ethnicis,
286 3283 345 3331 ab
379 3283 591 3331 inimicis
636 3281 858 3332 Ecclecioe
894 3283 1022 3331 hete-

28 3362 216 3411 rodoxis
244 3363 434 3412 auditas
449 3399 464 3424 ‚
502 3381 632 3413 nunc
682 3363 886 3430 amplius
925 3381 1020 3413 non

28 3445 368 3494 exaudiuntur.
414 3444 515 3494 Jam
564 3445 723 3496 Jacob.
768 3445 980 3513 Cujacius
997 3481 1016 3508 ‚

27 3520 262 3573 Paratttla
308 3526 364 3572 in
387 3524 527 3574 libros
554 3528 902 3591 quinquaqinta
931 3525 1020 3576 Di-

23 3615 256 3670 9eetorum
274 3643 287 3668 ,
312 3607 396 3657 lib.
432 3623 542 3657 xxm
561 3645 574 3669 ‚
599 3611 672 3659 tit.
708 3625 742 3657 n
762 3646 775 3669 ‚
813 3605 884 3658 De
899 3612 1017 3675 Jure

1107 1904 1415 1967 nuptiarum,
1465 1906 1700 1969 scripserat
1745 1922 1760 1951 :
1817 1903 1914 1953 Est
1954 1914 2114 1957 autem

1108 1982 1276 2031 titulus
1302 1984 1381 2031 hic
1421 1984 1479 2032 dc
1507 1987 1607 2033 ritu
1634 1987 1952 2051 nuptiarum,
1985 1988 2112 2051 quod

1079 2099 1080 2102 =
1100 2065 1372 2131 pontificale
1405 2066 1596 2115 verbum
1646 2075 1716 2115 est
1730 2084 1752 2128 5
1784 2083 1900 2115 nam
1921 2076 1966 2115 et
1991 2086 2111 2133 quas

1101 2147 1182 2210 fas
1208 2155 1324 2194 esset
1354 2146 1466 2194 duci
1482 2185 1496 2206 ,
1542 2148 1839 2211 Pontificum
1868 2150 2110 2197 notionem

1100 2227 1255 2293 fuisse
1287 2226 1599 2292 intelliqimus
1642 2245 1700 2276 ex
1750 2230 1916 2277 Tacito
1959 2247 1977 2277 1
2006 2266 2021 2289 ‚
2066 2239 2111 2278 et

1106 2306 1261 2358 Dione
1283 2312 1418 2357 xtvui
1437 2346 1451 2369 ,
1492 2325 1587 2374 qua
1631 2311 1742 2357 item
1771 2309 2067 2360 solemnitate
2089 2347 2106 2371 ,

1106 2390 1252 2438 veluti
1275 2389 1556 2441 deductione
1585 2395 1641 2437 in
1673 2389 1866 2437 domum
1900 2394 2103 2452 mariti,

1106 2477 1151 2516 et
1177 2485 1313 2533 aquoe
1367 2470 1589 2534 iqnisque
1627 2468 1908 2535 praelatione
1949 2479 1993 2518 et
2027 2488 2108 2519 ac-

1105 2553 1333 2616 ceptione.
1353 2550 1459 2601 Cfr.
1487 2562 1602 2600 tom.
1626 2569 1643 2599 1
1661 2589 1674 2612 ,
1692 2553 1780 2600 col.
1806 2550 1922 2603 522.
1951 2552 2106 2619 Quid?

1106 2633 1230 2698 quod
1267 2635 1418 2697 ipsum
1461 2636 1695 2697 agnoverit
1737 2635 1907 2700 impius
1962 2635 2103 2685 Mira-

1103 2712 1243 2772 beau,
1260 2715 1339 2780 qui
1351 2716 1400 2761 in
1417 2714 1612 2779 publicis
1627 2716 1843 2778 comitiis,
1858 2732 1935 2765 an.
1958 2733 1974 2764 1
1986 2733 2101 2785 790,

1104 2794 1205 2843 haec
1247 2794 1384 2844 verba
1414 2796 1603 2860 protulit
1634 2792 1794 2846 :C'est
1828 2797 1859 2843 ὰ
1894 2795 2099 2862 Ιέρὶἰεε,

1106 2874 1218 2924 dont
1245 2874 1292 2923 la
1318 2875 1586 2925 hie'rarchie
1605 2885 1672 2925 eet
1697 2876 1755 2925 de
1792 2877 1917 2926 droit
1940 2878 2100 2941 divin,

1104 2957 1137 3006 ὰ
1161 2956 1311 3023 reqler
1327 2958 1377 3008 la
1397 2960 1611 3007 maniere
1641 2957 1853 3024 dejaqer
1890 2976 1962 3008 ses
1985 2976 2101 3008 cau-

1102 3056 1173 3089 ses
1196 3077 1210 3100 ‚
1254 3048 1299 3088 et
1332 3055 1393 3088 en
1428 3042 1515 3105 qui
1559 3040 1710 3095 reside
1756 3039 1804 3088 la
1838 3045 2102 3106 puiscance

1102 3122 1380 3173 d'crdonner
1405 3140 1491 3172 eur
1519 3110 1728 3178 chacune
1740 3139 1764 3183 3
1803 3140 1887 3175 car
1922 3123 2102 3176 vouloir

1101 3202 1249 3268 reqler
1266 3203 1329 3252 lec
1347 3204 1495 3253 droits
1519 3205 1576 3252 de
1599 3205 1646 3252 la
1675 3203 1941 3252 ltierarchie
1965 3203 2098 3254 chre-

1100 3287 1261 3334 tienne
1276 3286 1441 3336 etablie
1450 3303 1547 3351 par
1563 3283 1690 3334 Dicu
1715 3289 1862 3334 meme
1878 3321 1896 3347 ‚
1921 3302 2097 3334 comme

1101 3365 1228 3415 dille
1238 3366 1414 3416 concile
1428 3367 1485 3416 de
1503 3364 1547 3416 T
1542 3367 1793 3426 rentc,c'est
1808 3370 2100 3419 accurement

1099 3444 1140 3494 le
1159 3446 1276 3512 plus
1310 3447 1466 3512 qrand
1488 3453 1683 3494 attentat
1702 3445 1760 3495 de
1775 3444 1823 3494 la
1836 3447 2094 3514 puicsance

1090 3527 1321 3594 potitique
1338 3536 1495 3577 contre
1503 3527 1550 3578 la
1557 3529 1816 3593 puissance
1830 3529 2093 3595 reliqiemc.

1098 3609 1241 3662 Tanta
1266 3620 1334 3662 est
1359 3612 1559 3660 veritatis
1586 3611 1683 3659 vis!
