2508 4120
294 93 414 155 312

939 105 1259 146 'rRAc'rA'rUs

1303 108 1371 143 ΒΕ
1415 108 1789 147 MArRfflomo.

297 277 468 316 suum
503 252 671 312 enixe
699 260 956 330 rogasset
989 247 1315 308 Concilium
1337 292 1354 322 ‚
1398 248 1556 329 quod
1585 258 1643 307 et
1676 247 1770 307 alii
1803 236 2096 331 Principes*
2126 253 2413 335 praestitea

293 359 469 420 runt,
508 345 722 406 restitit
757 343 1113 417 Concilium,
1155 344 1278 402 imo
1311 343 1669 403 contrarium
1706 343 2027 404 declaravit
2050 366 2172 406 esse
2201 359 2414 408 tenen-

296 445 438 504 dum
472 441 582 501 sub
622 441 1013 501 anathematis
1051 462 1229 523 poena
1266 441 1395 520 (1);
1435 452 1636 500 contra
1677 461 1818 501 vero
1859 461 2084 500 novum
2117 444 2414 503 constituit

293 537 787 621 impedimentum
821 538 1105 597 dirimens
1149 536 1511 596 clandestina
1550 538 1833 616 conjugia.
1873 539 2007 596 Jam
2045 559 2183 599 vero
2215 539 2277 596 in
2309 539 2416 599 ad-

297 635 682 696 versariorum
716 633 1030 715 hypothesi
1067 635 1244 692 satius
1268 633 1468 692 fuisset
1492 631 1813 691 Galliarum
1840 635 1976 713 Regi
2013 634 2097 691 uti
2119 638 2251 711 jure
2278 655 2416 709 su03

294 729 538 793 evidens
568 729 745 809 igitur
775 740 864 788 est
885 774 900 804 ,
932 728 1401 790 adversariorum
1428 728 1781 787 sententiam
1802 749 2027 788 novum
2062 751 2183 788 esse
2216 729 2423 789 inven-

296 837 427 885 tum
462 835 637 907 atque
667 823 742 883 ad
765 823 825 882 id
849 824 1131 905 temporis
1165 822 1343 905 plane
1376 822 1744 899 inauditum,
1777 823 1935 904 quod
1963 845 2072 883 nec
2101 825 2422 905 suspicatus

297 934 385 984 est
416 923 542 1005 ipse
569 921 856 982 Lutherus
881 966 897 994 ,
934 922 1035 1003 qui
1072 920 1332 1002 alioquin
1365 932 1520 980 certe
1547 919 1816 980 hortatus
1853 922 2149 1002 Principes
2186 921 2420 996 fuisset,

299 1030 366 1079 ut
389 1018 596 1078 datum
623 1040 926 1078 assensum
952 1030 1298 1080 revocarent
1319 1065 1335 1093 7
1363 1040 1480 1100 quo
1507 1062 1522 1093 ,
1550 1019 1717 1096 juxta
1746 1019 1939 1100 ipsum
1963 1065 1978 1093 ,Ι
2009 1017 2388 1078 ecclesiastica
2407 1062 2424 1093 ,

297 1115 602 1196 tyrannica
637 1113 932 1196 pontificia
968 1125 1226 1196 potestas
1267 1112 1412 1172 adeo
1450 1112 1627 1172 abusa
1665 1124 1809 1172 erat.

380 1211 522 1269 202.
571 1211 691 1269 Nec
704 1208 1186 1290 praetereundum
1202 1208 1438 1267 silentio
1462 1220 1550 1267 est
1567 1253 1583 1282 ‚
1609 1207 1768 1290 quod
1788 1254 1804 1284 7
1828 1209 1875 1268 si
1901 1207 2146 1268 Ecclesia
2170 1219 2429 1291 potesta-

300 1317 422 1366 tem
454 1327 620 1366 suam
652 1326 858 1366 revera
890 1327 920 1364 a
960 1303 1324 1387 Principibus
1352 1305 1554 1364 fuisset
1592 1315 1891 1381 mutuata,
1925 1326 2056 1365 eam
2098 1303 2205 1363 sibi
2235 1304 2431 1364 nulla·

299 1413 472 1463 tenus
520 1401 843 1481 dogmatica
886 1402 1185 1461 sanctione
1223 1400 1611 1474 vindicassem
1653 1422 1786 1460 cum
1822 1400 2105 1479 ejusmodi
2140 1401 2430 1461 concessio

301 1498 375 1556 sit
409 1498 628 1556 factum
668 1517 830 1555 mere
863 1496 1193 1554 humanum
1217 1542 1231 1570 ‚
1270 1518 1378 1555 nec
1418 1507 1728 1577 propterea
1764 1494 2057 1574 obJectum
2092 1494 2430 1575 dogmaticae

303 1592 657 1651 definitionis
679 1636 695 1666 a
746 1602 922 1672 prout
974 1590 1308 1652 observavit
1369 1590 1836 1673 archiepiscopus
1893 1590 2320 1650 Mechliniensis
2371 1602 2431 1650 et

307 1686 483 1768 Belgii
507 1686 726 1769 primas
757 1686 930 1746 Card.
962 1685 1035 1746 de
1065 1684 1547 1767 Franckenberg3
1580 1686 1680 1768 qui
1710 1697 1990 1767 praeterea
2018 1685 2236 1764 adjicit,
2261 1687 2432 1767 pote-

375 1865 441 1930 (l)
477 1863 577 1913 Cfr.
628 1862 767 1913 Card.
819 1863 1091 1913 Pallavicini
1119 1900 1136 1926 ,
1192 1863 1330 1911 Hist.

311 1947 460 1997 Conc.
498 1946 644 1995 Trid.
675 1946 762 1995 lib.
793 1963 925 2005 xxu,
958 1962 1059 2010 cap.
1100 1962 1118 1993 1
1147 1982 1160 2008 ‚
1192 1943 1218 2010 §
1250 1942 1329 2004 16,

307 2030 392 2080 ubi
430 2030 597 2088 refert,
628 2030 799 2094 legatos
836 2026 993 2076 Gallos
1023 2028 1116 2076 duo
1136 2028 1332 2075 solemni

310 2115 532 2178 petitione
580 2111 720 2175 Regis
773 2113 963 2159 nomine
1007 2109 1264 2175 postulasse
1306 2128 1332 2157 a

312 2193 524 2242 Concilio
541 2230 552 2252 ‚
570 2203 668 2240 tum
686 2204 738 2240 ut
761 2193 1086 2240 dirimerentur
1120 2194 1331 2257 conjugia

315 2275 601 2325 clandestina
625 2311 638 2333 ‚
655 2284 759 2322 tum
787 2276 928 2322 etiam
957 2284 1006 2321 ut
1028 2275 1155 2321 irrita
1171 2273 1334 2321 fierent

314 2358 529 2422 conjugia
567 2355 972 2404 filiorumfamilias
1000 2357 1111 2402 inita
1159 2355 1334 2420 absque

316 2444 565 2504 parentum
585 2455 831 2486 consensu.
850 2436 1027 2486 Verum
1053 2454 1160 2485 cum
1178 2447 1336 2501 agatur

321 2520 380 2569 de
396 2538 445 2569 re
463 2518 581 2568 tanti
596 2522 819 2567 momenti
838 2555 854 2581 ,
888 2536 940 2566 ex
964 2537 1053 2585 qua
1070 2518 1339 2566 luculentis-

318 2604 433 2650 sime
462 2603 686 2650 evincitur
702 2637 716 2661 ,
743 2601 977 2667 Principes
995 2612 1108 2649 tunc
1125 2603 1340 2666 temporis

318 2701 402 2748 pro
419 2693 541 2732 certo
557 2683 771 2732 habuisse
791 2684 875 2732 soli
897 2684 1108 2731 Ecclesiae
1122 2686 1198 2749 jus
1214 2701 1341 2731 com·

318 2774 474 2831 petere
507 2765 737 2814 statuendi
767 2765 1097 2829 impedimenta
1125 2765 1345 2813 dirimen-

319 2849 384 2895 tia
403 2885 417 2908 ‚
466 2863 630 2912 operae-
653 2849 851 2912 pretium
904 2862 1069 2894 censeo
1115 2848 1345 2910 integrum

319 2939 503 2978 textum
538 2927 772 2978 exhibere.
817 2924 1044 2975 Pertanto
1075 2926 1146 2990 qli
1178 2927 1344 2974 amha-

321 3012 531 3060 eciadori
541 3012 782 3060 Francesi
802 3046 816 3071 ,
836 3010 1003 3061 scribit
1022 3015 1119 3075 ipse
1141 3048 1153 3071 ‚
1171 3010 1251 3059 nel
1265 3012 1349 3058 cui

323 3111 470 3159 reyno
495 3111 588 3160 per
613 3090 844 3142 inventura
870 3094 910 3141 il
937 3094 1180 3141 dis-ordine
1201 3096 1215 3158 (
1233 3111 1346 3142 eon-

319 3176 558 3242 jugiorum
584 3175 1001 3237 clandestinorum)
1030 3177 1348 3241 riuscioapiz'c

315 3258 566 3331 ‚frequente
584 3296 597 3318 ‚
629 3275 654 3306 e
667 3259 761 3323 pin
783 3258 1092 3324 pernizioso,
1125 3256 1165 3303 il
1177 3260 1346 3321 qiorno

329 3347 754 3405 centesimoquarto
817 3340 872 3387 di
952 3338 1122 3403 Luqlio
1190 3340 1345 3403 fecero

327 3437 431 3468 una
460 3421 649 3470 solenne
685 3421 912 3470 richiesta
948 3421 1012 3469 ad
1042 3420 1258 3468 Concilio
1288 3424 1344 3469 in

327 3521 466 3553 nome
490 3502 566 3552 del
582 3505 677 3568 Re3
711 3505 795 3554 che
821 3505 910 3554 tali
931 3505 1250 3554 Matrimonii
1256 3521 1346 3569 per

324 3585 579 3636 l’aovenire
602 3585 1006 3652 a’annnllasser05
1035 3586 1343 3635 rinovandosi

1415 1863 1643 1911 l'antlche
1673 1862 1913 1912 solemnit&
1952 1861 2071 1910 delle
2106 1860 2278 1911 nozze.
2311 1861 2362 1913 E
2393 1880 2441 1912 se

1416 1945 1506 1994 alle
1535 1945 1653 1994 volte
1674 1963 1767 2012 per
1796 1963 1922 2010 qran
1954 1945 2150 2010 oaqione
2177 1962 2371 2011 parea-ve
2403 1946 2444 1995 il

1412 2028 1497 2093 far
1525 2028 1806 2077 altramente
1825 2067 1837 2090 ‚
1880 2028 2066 2076 almeno
2089 2030 2111 2075 i
2134 2025 2446 2076 Matrimonii

1416 2128 1516 2159 non
1537 2110 1797 2159 s'aveasero
1805 2129 1897 2177 per
1910 2111 2116 2176 leqitimi
2129 2111 2327 2175 qualora
2342 2127 2443 2158 non

1418 2185 1785 2241 v'intercenisse
1822 2191 1868 2239 la
1890 2208 2124 2257 presenza
2163 2191 2240 2238 del
2270 2190 2443 2240 Sacer-

1419 2273 1522 2321 dote
1550 2290 1574 2321 e
1613 2273 1666 2320 cli
1698 2274 1768 2320 tre
1804 2290 1830 2321 o
1855 2272 1951 2338 pi&
1979 2274 2276 2330 testimonii;
2303 2291 2327 2321 e
2360 2273 2444 2322 che

1419 2357 1619 2403 insieme
1632 2355 2003 2403 s’annullassero
2019 2357 2040 2402 i
2058 2357 2319 2420 maritayqi
2330 2372 2446 2404 con-

1422 2440 1560 2486 tracti
1584 2435 1668 2484 da'
1686 2435 1897 2502 fiqliuoli
1913 2438 1966 2484 di
1984 2437 2210 2502 famiqlia
2230 2454 2377 2486 senza
2405 2438 2451 2486 il

1425 2537 1653 2570 consenso
1682 2520 1753 2568 de'
1779 2522 1986 2586 yenitori
2004 2557 2019 2579 ‚
2055 2538 2183 2569 come
2193 2539 2282 2588 per
2299 2521 2342 2569 lo
2355 2519 2450 2586 pin

1428 2622 1452 2652 e
1479 2603 1687 2651 dannosi
1711 2620 1735 2651 e
1762 2602 2142 2651 disconvenevoli
2182 2602 2274 2650 alle
2298 2603 2448 2667 sami-

1426 2684 1523 2751 9lie
1541 2723 1552 2742 ‚
1577 2703 1602 2732 e
1621 2687 1823 2732 materia
1845 2684 2105 2750 d'odiopiic
2131 2683 2215 2732 che
2242 2682 2447 2731 d'amore

1429 2768 1504 2815 trc'z
1531 2769 1554 2814 i
1583 2768 1793 2814 consorti
1822 2785 1835 2813 :
1862 2782 1943 2812 ma
1954 2782 2049 2831 per
2079 2764 2335 2812 rimediare
2352 2763 2447 2811 alla

1431 2849 1829 2912 transcuraqqine
1853 2846 1922 2894 de’
1931 2848 2130 2913 parenti
2151 2845 2234 2894 nel
2250 2863 2447 2912 provve-

1431 2932 1539 2978 dere
1563 2930 1654 2979 allo
1678 2939 1796 2978 stato
1817 2930 1886 2978 de’
1908 2929 2120 2994 fiyliuoli
2142 2968 2155 2989 ‚
2180 2930 2448 2996 ciprescri—

1430 3030 1556 3061 vec-se
1583 3030 1653 3059 nn
1668 3014 1870 3060 termine
1889 3013 2060 3060 d'anni
2081 3050 2093 3072 ‚
2115 3012 2227 3060 oltre
2246 3011 2449 3076 alquale

1431 3112 1479 3142 ee
1505 3094 1537 3141 ’l
1564 3094 1780 3159 fiylw'olo
1812 3094 1897 3142 dal
1911 3096 2065 3160 padre
2091 3111 2188 3142 non
2215 3094 2340 3159 [base
2370 3110 2449 3143 ac-

1430 3179 1647 3242 coppiato
1675 3178 1733 3224 in
1749 3174 2063 3225 Matrimonio
2079 3213 2092 3236 ‚
2115 3176 2187 3241 qli
2210 3176 2448 3224 divenisse

1431 3259 1563 3307 lecito
1579 3259 1836 3325 l'eleqqersi
1850 3261 2281 3325 compaqniaperse
2289 3267 2446 3307 stesso.

1430 3341 1752 3391 Vid.translat.
1770 3343 1859 3391 lat.
1880 3342 1935 3389 ad
1951 3341 2120 3390 calcem
2138 3340 2447 3390 vol.Jamve1-0

1429 3441 1486 3472 ex
1499 3424 1569 3471 his
1590 3423 1970 3488 postulationibus
1980 3422 2118 3471 altera
2136 3441 2162 3471 a
2178 3422 2445 3471 Tridentino

1428 3506 1618 3570 probata
1645 3507 1735 3554 fuit
1756 3544 1769 3566 ‚
1808 3506 1946 3555 altera
1975 3516 2128 3553 autem
2155 3507 2346 3571 rejecta.
2387 3502 2443 3550 In

1428 3598 1627 3652 utroque
1660 3605 1766 3637 casu
1807 3587 2007 3636 Ecclesia
2040 3585 2137 3651 jure
2169 3603 2250 3634 suo
2267 3603 2346 3634 usa
2360 3595 2443 3633 est.
