2566 4126
490 209 614 245 cu».
660 207 745 244 111.
801 209 870 245 nr.
913 205 1288 244 EPISCOPORUM
1334 203 1734 243 mansuaria.
2091 186 2205 243 119

102 362 361 411 attamen
402 360 555 409 certa
582 370 647 407 ac
668 361 792 407 rata
826 359 914 408 est
947 347 1105 430 apud
1135 346 1456 407 Catholicos
1487 346 1761 408 adversus
1801 347 2198 422 Lutheranos3

99 458 302 527 atque,
320 457 385 503 ut
408 445 756 513 videbimuS„
777 465 847 502 ex
872 444 1077 503 iisdem
1102 435 1380 516 fontibus,
1401 441 1611 523 quibus
1635 442 1956 502 adstruitur
1975 445 2204 525 Episco—

92 562 302 622 porum
319 540 653 621 praestantia
671 561 843 620 supra
861 538 1234 618 Presbyteros
1249 584 1264 613 ,
1285 538 1597 612 evincitur,
1621 560 1690 599 ex
1707 538 1907 599 divino
1920 544 2051 617 jure
2072 561 2203 598 eam

90 634 456 694 descendere.

174 717 272 775 94.
324 717 415 774 Sic
451 716 625 794 igitur
657 714 932 774 adversus
969 711 1375 787 Blondellum‚
1419 714 1764 774 Salmasium
1807 736 1871 774 ac
1903 716 2203 797 presbyte-

90 814 280 870 rianos
311 810 563 891 reliquos
610 822 885 870 assertam
925 807 1382 891 propositionem
1426 809 1798 868 adstruimus,
1845 812 1950 870 Vix
1991 813 2062 869 IV
2104 813 2204 870 Ec·

89 905 269 965 clesiae
314 906 520 964 saeculo
557 907 755 964 Ae'rius
802 906 1016 984 doymo
1051 924 1242 981 supra
1279 903 1539 961 hominis
1577 915 1820 982 captum
1846 908 2202 983 furiosum,

3 1005 7 1013 “
87 1013 152 1058 ut
190 1001 333 1061 illud
372 1013 542 1062 vocat
575 1003 630 1059 S.
669 999 1024 1082 Epiphanius
1052 999 1180 1076 (l),
1223 998 1285 1056 in
1316 998 1624 1057 Ecclesiam
1657 999 1884 1058 invexit
1918 1000 2029 1058 illis
2070 1024 2206 1061 ver-

85 1094 174 1154 bis
209 1119 221 1152 :
266 1098 546 1176 Quanam
583 1101 652 1152 in
682 1116 745 1152 re
771 1094 1152 1172 Presbyteros
1185 1093 1526 1172 Episcopus
1562 1092 1901 1151 antecellit?
1938 1095 2204 1154 Nullum

86 1195 245 1249 inter
276 1197 601 1269 utrumque
623 1190 952 1248 discrimen
981 1198 1081 1246 est.
1118 1188 1236 1247 Est
1265 1193 1427 1246 enim
1468 1189 1789 1246 amborum
1830 1210 1993 1247 unus
2023 1192 2163 1248 ordo
2188 1238 2204 1260 ,

76 1307 205 1363 par
230 1298 285 1344 et
310 1287 466 1343 idem
495 1284 683 1342 honor
720 1304 793 1341 ac
830 1284 1099 1363 dzjqnitas
1134 1282 1261 1363 (2);
1301 1283 1399 1342 vix
1432 1326 1448 1356 .,
1482 1283 1761 1364 inquam,
1806 1282 1928 1342 haec
1961 1284 2206 1365 protulit

84 1380 317 1453 AeriuS‚
359 1400 492 1437 cum
520 1376 593 1436 ab
635 1378 902 1438 universa
933 1377 1211 1449 Ecclesia,
1254 1376 1499 1436 testibus
1541 1378 1864 1459 Epiphanio
1902 1390 1961 1437 et
2009 1380 2205 1458 Augu-

85 1475 237 1532 stino
257 1474 392 1548 ,uti
424 1473 730 1532 haereticus
760 1472 995 1530 habitus
1022 1484 1110 1531 est
1140 1473 1263 1553 (3),
1306 1494 1373 1531 eo
1406 1473 1564 1554 quod
1587 1473 1911 1535 novitatem
1944 1473 2205 1534 Ecclesiae

82 1570 389 1629 Catholicae
429 1569 567 1629 fidei
587 1570 940 1628 contrariam
975 1569 1288 1629 invexerit.

163 1667 261 1724 95.
311 1668 459 1726 Sane
497 1666 775 1726 adversus
812 1665 962 1723 hanc
995 1665 1146 1723 Ae'rii
1170 1664 1495 1724 novitatem
1518 1675 1635 1723 stat
1668 1664 1729 1723 1ο
1751 1665 2056 1723 Sacrarum
2079 1666 2203 1725 Lit-

78 1771 337 1820 terarum
372 1762 717 1836 auctoritaS‚
757 1782 830 1819 ex
865 1759 1074 1841 quibus
1097 1759 1398 1833 discimm,
1423 1759 1701 1819 aChristo
1722 1758 2027 1818 duodecim
2045 1760 2203 1841 Apo-

85 1856 260 1915 stolos
285 1857 494 1916 electos
528 1858 702 1916 fuisse
738 1877 802 1914 ac
831 1854 1125 1936 discipulis
1166 1855 1458 1937 praelatos.
1492 1857 1839 1936 Supremam
1873 1855 2030 1914 enim
2059 1858 2207 1936 Apo·

81 1951 244 2010 stolis
297 1953 557 2013 Christus
603 1951 850 2011 contulit
893 1960 1245 2032 potestatem
1284 1952 1346 2008 in
1371 1949 1649 2026 Ecclesia,
1702 1950 1886 2031 iisque
1935 1950 2203 2030 promisit

82 2047 401 2106 sessionem
438 2069 612 2129 super
643 2046 806 2107 sedes
841 2046 1147 2105 duodecim
1185 2046 1259 2104 ad
1285 2044 1630 2123 judicandas
1669 2044 1978 2104 duodecim
2012 2044 2200 2103 tribus

68 2142 254 2216 ¹Israel
272 2188 284 2204 .
312 2145 397 2201 Ne
430 2164 564 2202 vero
588 2143 815 2202 deesset
846 2140 1235 2200 duodenarius
1259 2140 1354 2198 hic
1380 2161 1659 2198 numerus
1677 2184 1695 2211 ,
1726 2140 1789 2196 in
1814 2139 2003 2197 locum
2027 2141 2063 2198 J
2068 2140 2200 2198 udae

77 2236 387 2318 proditoris
421 2238 695 2319 suffectus
747 2250 835 2295 est
882 2236 1081 2297 divina
1136 2235 1521 2317 dispositione
1572 2236 1629 2293 S.
1675 2234 1969 2293 Matthias.
2022 2237 2200 2293 Porro

79 2333 370 2390 unanimis
403 2354 554 2414 pene
586 2344 674 2391 est
707 2335 950 2391 Patrum
991 2332 1283 2391 sententia
1331 2331 1640 2411 Episcopos
1687 2351 2038 2389 successores
2077 2351 2201 2390 esse

81 2426 523 2505 Apostolorum,
573 2426 1071 2508 quemadmodum
1120 2425 1450 2506 Presbyteri
1488 2424 1624 2483 dicti
1681 2423 1754 2483 ab
1802 2424 2009 2483 iisdem
2061 2435 2201 2482 sunt

80 2539 427 2581 successores
469 2523 835 2602 septuaginta
891 2521 1142 2578 duorum
1188 2513 1607 2600 discipulorum
1635 2562 1651 2591 .,
1696 2519 1794 2598 qui
1834 2518 1895 2574 in
1939 2518 2199 2576 inferiori

82 2615 264 2691 gradu
308 2637 339 2673 a
374 2614 601 2674 Christo
643 2615 942 2674 constituti
990 2615 1250 2672 fuerunt.

165 2709 261 2768 96.
307 2708 597 2770 Adversus
638 2708 905 2769 eamdem
943 2709 1268 2771 novitatem
1306 2717 1466 2766 stant
1504 2706 1574 2763 20
1615 2708 1814 2765 Patres
1851 2705 2191 2788 apostolici,

77 2954 248 3003 divina
266 2992 280 3014 ‚
326 2973 351 3002 e
380 2955 652 3003 s'inchiuda
677 2957 732 3002 in
772 2953 926 3020 quella
948 2944 1038 3002 ‘che
1066 2955 1091 3001 ὁ
1172 2951 1299 3000 nella
1314 2950 1672 3016 qiwriedizione
1688 2953 1711 2998 i
1714 2953 1876 3017 primi
1889 2952 1966 3000 ἀπ’
1980 2952 2195 3001 secondi.

77 3037 131 3084 di
153 3037 279 3102 leqqe
302 3038 615 3088 ecclesiastica
642 3060 656 3085 .·
683 3057 707 3086 e
734 3039 834 3086 cosi
854 3038 1092 3085 dannarsi
1172 3034 1289 3083 Vide
1325 3034 1441 3082 trad.
1486 3033 1626 3099 hujus
1665 3035 1751 3082 loci
1795 3036 1851 3082 ad
1883 3034 2057 3084 calcem
2099 3034 2191 3082 vol.

73 3135 164 3184 per
200 3122 360 3168 cretici
406 3121 478 3185 qli
520 3120 806 3169 scherm'tori
845 3119 960 3166 delle
989 3115 1095 3167 ὑμέ
1169 3115 1267 3165 Cfr.
1293 3119 1402 3165 item
1424 3115 1511 3163 lib.
1544 3133 1616 3163 xix
1637 3151 1659 3175 a,
1688 3134 1792 3180 cap.
1830 3113 1882 3165 6.

82 3203 268 3263 maqim‘
297 3222 316 3258 ,·
360 3202 532 3267 perche
577 3206 629 3250 in
672 3202 763 3250 tale
802 3201 998 3250 schemo
1040 3203 1087 3248 si
1238 3199 1303 3262 (l)
1342 3197 1684 3258 Haeres.1.xxv‚
1705 3198 1870 3262 cap.3‚
1896 3197 2010 3245 edit.
2030 3196 2190 3245 Petav.

79 3282 292 3328 contiene
305 3282 344 3329 il
357 3284 604 3348 disprezzo
617 3284 672 3331 di
685 3283 902 3333 Dioede'
922 3283 1084 3331 Santi.
1237 3281 1302 3344 (2)
1340 3276 1394 3327 T>
1426 3276 1541 3327 ἐστὶν
1575 3277 1819 3330 ἐπίσκοπος
1854 3278 1962 3342 πρός
1994 3276 2194 3343 πρεσβεί-

80 3360 228 3411 Esser
233 3373 452 3428 pertento
478 3369 627 3414 eresia
655 3365 695 3413 il
725 3382 875 3430 neqar
896 3364 942 3411 la
972 3369 1086 3429 qiu-
1170 3380 1317 3429 ‘repon
1351 3360 1473 3411 οὐδὲν
1518 3360 1805 3411 διαλλάττει
1852 3359 1976 3414 οἶτος
2013 3359 2189 3409 τούτου·

75 3444 343 3493 riedizione
384 3449 620 3511 8uperiore
657 3446 738 3495 ne'
784 3446 839 3494 V
835 3449 990 3494 escovi
1031 3448 1089 3494 in
1169 3442 1256 3508 μιόι
1287 3441 1376 3511 γαῖρ
1413 3444 1507 3494 ἐστὶ
1530 3443 1659 3506 τάξις
1678 3483 1692 3507 ,
1721 3439 1800 3492 και)
1832 3442 1921 3507 μιάι
1949 3442 2060 3506 repen*
2076 3483 2087 3504 ,
2114 3441 2193 3492 xa>

78 3526 267 3590 rispetto
291 3527 335 3572 a’
371 3523 506 3575 Preti
524 3565 538 3587 ‚
555 3529 729 3593 perche
761 3529 832 3576 σίὸ
863 3533 887 3576 ὁ
917 3545 988 3575 un
1002 3545 1086 3575 ne·
1172 3525 1210 3578 ἓν
1242 3527 1437 3591 ἀξίωμα.
1476 3528 1600 3574 Ibid.

77 3623 190 3669 qare
205 3608 444 3655 l'autoritd
469 3608 551 3656 che
572 3609 623 3655 di
643 3612 813 3674 raqion
841 3611 1009 3658 divina
1025 3610 1091 3657 Ιια
1241 3610 1306 3674 (3)
1344 3611 1393 3657 S.
1420 3609 1586 3672 Epiph.
1607 3608 1698 3655 loc.
1719 3611 1796 3655 cit.
1817 3607 1868 3658 S.
1890 3606 2189 3674 Augustinus,

82 3687 118 3733 il
169 3689 442 3753 Pontefice‚
499 3689 541 3737 il
575 3690 712 3754 quale
757 3690 1089 3755 diaaqquaqlia
1173 3692 1261 3741 lib.
1296 3693 1372 3738 De
1400 3691 1567 3738 lam-res.
1599 3707 1700 3755 cap.
1729 3688 1807 3739 53.
