2612 4146
309 177 385 240 14

969 199 1288 241 TRACTATUS
1332 201 1405 239 DE
1448 202 1856 243 INDULGENTIIS.

302 367 479 428 porro
503 356 771 406 veterum
796 347 1034 405 Patrum
1051 390 1067 419 ‚
1095 344 1372 425 Cypriani
1406 348 1730 426 praesertim
1751 395 1766 425 .,
1804 351 2153 411 testimoniis
2173 399 2190 429 ‚
2218 356 2427 438 quibus

301 441 364 501 in
400 442 645 500 nimiam
681 440 1020 500 facilitatem
1061 436 1428 498 invehebant
1451 486 1466 514 ,
1505 442 1896 505 Conciliorum
1935 450 2430 513 oecumenicorum

301 549 361 599 et
377 540 778 597 Romanorum
807 535 1159 595 Pontificum
1183 535 1608 614 sanctionibus,
1638 540 1846 625 quibus
1864 564 1994 603 eam
2017 561 2428 625 coercuerunt,

297 635 381 693 ita
417 634 675 716 loquitur
713 629 1033 690 Concilium
1063 630 1504 708 Tridentinum‚
1545 655 1686 694 seSS.
1722 638 1917 713 XXV,
1966 641 2028 698 in
2071 643 2317 702 Decreto
2356 643 2431 704 de

298 728 683 810 Indulgentiis
737 748 751 784 t
822 727 1222 787 Sacrosancta
1279 730 1628 808 Synodns...
1690 737 1769 791 in*
1808 734 1905 794 his
1949 735 1973 818 (
2005 737 2435 821 indulgentiis)

296 838 497 886 tamen
532 823 923 883 concedendis
965 825 1468 892 moderationem,
1498 830 1695 905 juxta
1734 839 1988 889 veterem
2023 843 2080 890 et
2103 837 2431 913 probatam

294 925 365 980 in
399 921 675 980 Ecclesia
699 921 1190 978 consuetudinem
1215 964 1231 994 .,
1267 921 1553 981 adhiberi
1575 930 1784 1004 cupit,-
1814 946 1888 983 ne
1910 929 2113 986 nimia
2126 932 2432 1007 facilitate

291 1018 690 1076 ecclesiastica
729 1015 1058 1095 disciplina
1095 1027 1431 1079 enervetur.

375 1112 478 1173 29.
522 1110 610 1171 Ad
632 1111 748 1185 3¹¹1,
790 1113 959 1194 Resp.
983 1111 1253 1171 facillime
1273 1111 1373 1171 illa
1397 1113 1595 1173 omnia
1620 1115 1936 1192 conciliari,
1969 1118 2017 1176 si
2051 1117 2424 1181 observetur:

295 1210 359 1267 10
395 1209 497 1270 vix
522 1229 882 1290 quemquam
917 1209 1202 1290 reperiri,
1235 1210 1337 1290 qui
1371 1209 1576 1275 mediis
1607 1211 1879 1271 omnibus
1914 1211 2226 1274 destitutus
2257 1217 2333 1276 sit
2356 1217 2432 1278 ad

292 1327 483 1366 sacras
516 1305 920 1387 indulgentias
950 1305 1301 1378 lucranda83
1342 1307 1410 1364 2⁰
1439 1329 1608 1389 posse
1644 1307 1908 1372 divinam
1932 1309 2261 1371 bonitatem
2287 1337 2432 1398 sup·-

290 1401 454 1485 plere
483 1401 692 1461 mediis
736 1401 1116 1461 interioribus
1151 1401 1629 1462 extraordinariis
1669 1403 1921 1465 defectui
1965 1406 2293 1468 mediorum
2333 1432 2433 1470 or-

290 1498 653 1558 dinariorum
674 1544 690 1574 .‚
727 1519 861 1557 cum
891 1498 1098 1580 aliquis
1124 1499 1351 1558 sincero
1384 1498 1672 1559 desiderio
1709 1499 1916 1581 flagrat
1943 1501 2169 1562 bonum
2194 1504 2432 1586 aliquod

287 1595 1122 1678 adipiscendisupernaturale.
1146 1596 1285 1669 Quis
1301 1595 1460 1655 enim
1476 1595 1709 1655 dubitat
1734 1598 1879 1679 quin
1896 1600 2085 1659 Deum
2109 1601 2312 1682 possit,
2329 1613 2432 1660 aut

289 1692 625 1753 uberiorem
671 1692 1017 1752 charitatem
1074 1703 1174 1751 aut
1209 1692 1594 1752 intensiorem
1630 1692 1897 1754 dolorem
1922 1707 1982 1754 et
2011 1696 2430 1757 contritionem

293 1789 421 1864 his,
465 1791 565 1872 qui
608 1791 689 1849 ita
723 1789 922 1848 animo
961 1790 1285 1873 comparati
1323 1800 1462 1848 sunt
1502 1810 1568 1848 ac
1604 1790 1813 1850 mediis
1851 1793 2108 1852 externis
2143 1804 2285 1852 sunt
2323 1792 2430 1853 de·

285 1887 474 1946 stituti
496 1933 511 1962 .,
545 1887 977 1946 communicare
996 1886 1025 1944 Ρ

368 1982 465 2042 30.
514 1984 657 2041 lust.
704 1983 913 2063 Negari
955 2004 1077 2040 non
1122 1992 1359 2064 potest,
1405 1981 1812 2063 Indulgentias'
1843 1984 2057 2064 cedere
2092 1985 2153 2043 in
2194 1985 2428 2045 destru-

282 2079 562 2154 ctionem,
580 2101 703 2137 non
717 2089 917 2139 autem
934 2079 997 2137 in
1022 2077 1471 2138 aedificationem
1491 2078 1778 2154 fidelium3
1798 2081 1866 2144 10
1881 2081 2017 2161 quia
2036 2102 2133 2140 eos
2149 2092 2427 2142 avertunt

1398 2309 1489 2359 cile
1517 2321 1670 2359 rueret
1701 2310 1878 2377 absque
1906 2327 2052 2376 poenae
2071 2311 2335 2377 temporalis
2349 2330 2424 2361 sa-

1395 2393 1693 2454 tisfactione,
1735 2393 1905 2442 deinde
1946 2393 2175 2442 alliciatur
2204 2395 2263 2443 ad
2305 2397 2420 2444 resi-

285 2312 472 2362 debitae.
513 2311 613 2361 Hoc
657 2329 765 2361 vero
802 2313 1033 2379 principio
1065 2311 1266 2360 admisso
1291 2348 1305 2370 ,

282 2413 381 2445 non
403 2396 555 2444 solum
572 2398 645 2444 via
673 2397 895 2444 sternitur
918 2395 978 2443 ad
1008 2396 1308 2459 omnigenam

280 2480 601 2543 impietatem,
640 2488 691 2526 ut
735 2495 819 2526 suo
868 2476 971 2526 loco
998 2477 1305 2537 ostendimus,

280 2578 388 2610 cum
408 2578 648 2625 ageremus
666 2561 723 2609 de
737 2559 1069 2627 justificatione
1095 2561 1146 2607 in
1168 2570 1303 2612 tract.

280 2641 363 2692 De
395 2642 578 2691 Gratia
595 2677 611 2704 ‚
634 2643 713 2692 sed
730 2652 947 2707 praeterea
970 2659 1021 2690 os
1046 2642 1305 2691 obstruitur

280 2724 499 2774 omnibus
530 2724 914 2785 Protestantibus‚
936 2721 1052 2791 dum
1087 2725 1304 2774 adversus

279 2806 596 2873 indulgentias
626 2806 991 2856 debacchantur.
1026 2805 1131 2871 Quo
1175 2809 1302 2855 enim

275 2892 381 2958 jure
397 2892 485 2955 ipsi
502 2892 748 2955 insurgunt
765 2889 1092 2950 qucclesiam‚
1104 2905 1160 2938 eo
1173 2889 1304 2955 quod

280 2972 370 3022 sub
386 2971 668 3039 quibusdam
681 2971 1031 3021 conditionibus
1049 2987 1153 3037 quae
1168 2988 1303 3021 com-

278 3055 545 3121 plectuntur
577 3056 818 3105 interiores
854 3056 999 3103 animi
1032 3054 1301 3119 dispositio·

278 3156 360 3188 nes
388 3149 433 3188 et
454 3141 532 3205 pia
563 3129 911 3204 opera'externa
931 3173 945 3196 ,
973 3139 1178 3186 remittat
1196 3153 1300 3203 par-

279 3229 375 3270 tem
409 3220 483 3269 vel
513 3223 658 3270 etiam
679 3229 859 3280 totum,
889 3218 1016 3285 quod
1063 3219 1299 3285 reliquum

277 3311 484 3367 superest
514 3303 638 3351 illius
666 3318 812 3368 poenae
841 3300 1106 3366 temporalis
1124 3338 1138 3361 ‚
1166 3299 1299 3368 cujus

276 3383 488 3435 debitum
531 3386 620 3449 ipsi
673 3386 869 3434 omniuo
919 3380 1204 3432 eliminant?
1247 3382 1297 3431 Si

274 3463 414 3532 logici
444 3483 542 3516 esse
579 3477 768 3527 amant,
798 3466 970 3516 debent
989 3467 1141 3531 potius
1166 3482 1300 3515 com-

275 3547 497 3598 mendare
548 3550 719 3598 miram
766 3550 888 3599 hauc
930 3545 1170 3599 catholicae
1209 3547 1297 3597 do·

274 3632 430 3680 ctriuae
446 3633 755 3681 oecouomiam
773 3669 786 3693 ‚
803 3648 895 3697 qua
911 3633 960 3681 fit
975 3641 1026 3681 ut
1040 3630 1297 3681 retrahatur

276 3708 450 3762 Christi
465 3711 622 3763 fidelis
641 3712 702 3762 ab
716 3713 997 3775 excessibus,
1016 3715 1068 3763 iu
1084 3729 1202 3779 quos
1225 3713 1293 3761 fa-

1393 2478 1664 2542 piscentiam
1685 2493 1766 2541 per
1796 2493 1949 2524 veram
1979 2481 2348 2538 conversionem,
2382 2479 2421 2526 si

1391 2559 1510 2607 forte
1549 2559 1817 2624 deliquerit.
1852 2558 1977 2607 Hinc
2018 2570 2140 2608 recte
2177 2577 2330 2609 comes
2361 2561 2420 2610 dc

1392 2641 1598 2701 Maistre,
1619 2639 1660 2688 S
1662 2643 1813 2689 cireen
1829 2640 1886 2689 de
1903 2637 2417 2707 Scine-Petersbourq,

1391 2735 1510 2774 tom.
1548 2739 1621 2784 11,
1663 2725 1860 2773 dixicme
1901 2726 2131 2772 entretien
2154 2761 2168 2783 ‚
2216 2724 2415 2773 scribit:

1388 2805 1443 2854 E
1444 2814 1465 2853 t
1506 2804 1656 2870 quelle
1698 2803 1814 2853 belle
1850 2804 1918 2853 loa·
1962 2821 2128 2853 encore
2172 2821 2264 2869 que
2306 2803 2416 2852 celle

1386 2889 1476 2953 qui
1502 2904 1534 2935 a
1566 2889 1661 2934 mis
1697 2886 1825 2935 deum
1851 2886 2124 2936 condicimus
2158 2885 2413 2953 indispen-

1387 2968 1540 3019 sables
1560 2970 1591 3017 ὰ
1604 2977 1727 3017 toute
1741 2967 2023 3033 indulqence
2039 2985 2105 3016 ou
2117 2967 2413 3034 redemption

1386 3052 1661 3101 secondaire
1690 3071 1708 3100 .·
1735 3053 1902 3099 merite
1926 3038 2406 3100 surabondant'd’un

1385 3136 1485 3183 cote
1503 3172 1518 3192 ,
1548 3134 1728 3183 bovines
1757 3151 1939 3183 oeuvres
1959 3135 2215 3200 prescrites
2244 3141 2290 3181 et
2306 3150 2407 3199 pu·-

1386 3221 1481 3266 rete
1516 3217 1574 3265 de
1601 3213 1879 3266 conscience
1924 3217 1984 3265 de
2021 3216 2230 3264 l'autre!
2271 3214 2405 3264 Sans

1386 3299 1577 3348 I’oeuvre
1593 3302 1838 3349 meritoire
1860 3336 1876 3359 ,
1891 3316 2005 3348 suns
2020 3298 2154 3347 Vetat
2168 3298 2225 3346 de
2241 3301 2402 3363 φάεα,

1376 3383 1524 3449 point
1557 3382 1615 3431 de
1641 3383 1897 3431 remissioni
1917 3398 2017 3449 por
2046 3380 2111 3429 les
2140 3384 2331 3430 meritas
2349 3381 2406 3429 de

1385 3465 1700 3516 l'innocence.
1744 3463 1911 3532 Quelle
1958 3464 2093 3513 noble
2139 3463 2404 3513 ernulation

1376 3563 1508 3613 pour
1538 3546 1584 3599 la
1618 3555 1752 3596 verta
1777 3549 1795 3596 .'
1833 3546 1961 3613 Quel
1977 3548 2335 3595 avertissement
2357 3548 2409 3592 et

1382 3627 1492 3694 quel
1508 3637 1901 3694 encontraqemem
1918 3646 2049 3694 pour
2076 3628 2117 3678 Ie
2135 3623 2362 3693 coupable
2382 3626 2405 3672 Ι
