2612 4146
362 161 439 222 18
980 180 1303 221 TnAc'rsrus
1348 180 1417 215 nn
1462 179 1880 220 muntani-«Tus,

360 326 535 387 Haud
563 326 890 386 inficiamur
907 370 925 399 ,
958 344 1067 382 nec
1087 341 1304 402 paucos
1336 341 1446 380 nec
1473 320 1631 382 leves
1659 321 1873 383 abusus
1896 346 1966 385 ex
1991 338 2158 407 parte
2188 342 2484 409 quaestua-

308 412 311 416 ¹
352 424 578 484 riorum
612 421 945 503 irrepsisse3
985 436 1192 477 verum
1229 414 1292 473 hi
1338 414 1552 474 abusus
1593 417 1751 493 istis,
1795 441 1917 479 non
1965 433 2162 481 autem
2204 425 2480 485 Romanis

344 515 766 588 Pontificibus,
815 512 914 594 qui
950 521 1236 592 perpetuo
1271 531 1368 569 eos
1406 511 1688 571 acerrime
1715 513 2074 592 damnarunt
2111 516 2231 598 (l),
2263 518 2483 580 adscri-

349 611 533 677 bendi
558 622 714 676 sunt.
733 609 880 667 Cum
905 605 1162 688 denique
1184 627 1256 666 ex
1274 605 1620 665 Tridentino
1645 620 1997 688 quaestorum
2016 612 2268 671 officium
2295 612 2481 675 aboli-

346 718 477 766 tum
510 707 584 764 sit
607 750 622 779 ,
661 724 725 762 ac
767 713 972 784 turpes
1015 723 1220 761 omnes
1258 713 1513 783 quaestus
1545 702 1797 779 sublati,
1837 705 1900 764 in
1938 727 2115 788 quem
2155 710 2336 769 finem
2373 710 2477 771 has

350 800 613 884 querelas
628 797 820 858 adhuc
845 809 1089 859 movent
1104 797 1361 858 haeretici
1378 808 1436 857 et
1452 797 1762 871 increduli,
1792 819 1995 861 nonne
2016 802 2121 862 hoc
2135 815 2222 864 est
2241 804 2480 865 umbras

346 892 713 956 consectari?

438 991 538 1051 37.
588 990 678 1050 Ad
725 991 809 1050 7¹¹²
837 1034 853 1064 ‚
903 991 1066 1049 Disc.
1112 988 1317 1062 Quoad
1356 1008 1490 1064 eoS‚
1533 990 1633 1070 qui
1669 990 1885 1071 seipsos
1934 990 2291 1074 decipientes
2326 997 2481 1058 hanc

346 1098 579 1170 petram
610 1084 868 1153 scandali
884 1095 1182 1167 quaerunt,
1209 1105 1387 1166 quam
1413 1083 1521 1143 sibi
1544 1085 1654 1167 ipsi
1675 1087 2040 1167 confingunt,
2068 1110 2261 1156 conc.;
2290 1092 2484 1173 quoad

348 1182 603 1265 reliquos
644 1203 884 1257 omneS.,
916 1203 1047 1262 neq.
1091 1178 1216 1240 Sibi
1253 1192 1566 1262 propterea
1589 1181 1777 1263 iniqui
1811 1182 2105 1264 imputare
2147 1184 2404 1260 debent,
2433 1188 2481 1246 si

350 1277 693 1338 scandalum
730 1277 1045 1339 inveniunt
1074 1276 1137 1334 in
1164 1296 1269 1352 eo,
1320 1275 1481 1358 quod
1501 1275 1946 1338 aedificationem
1989 1280 2162 1360 parit.
2208 1283 2484 1342 Ceterum

350 1375 611 1435 veritatis
642 1375 699 1435 vi
731 1372 1015 1454 compulsi
1051 1394 1171 1430 non
1200 1372 1369 1453 pauci
1400 1370 1718 1433 adversarii
1749 1372 1902 1433 hanc
1935 1373 2337 1436 difficultatem
2355 1383 2484 1456 jam

346 1468 734 1530 deseruerunt
766 1470 879 1549 (2).
911 1467 1082 1541 Quod
1112 1489 1249 1528 vero
1284 1467 1495 1527 dicitur
1524 1467 1599 1527 de
1627 1467 1878 1527 formula
1907 1486 1947 1527 a
1974 1477 2157 1550 culpa
2185 1484 2241 1532 et
2256 1492 2444 1553 paena
2463 1518 2479 1548 ,

346 1566 435 1623 uti
459 1565 718 1625 ostendit
747 1563 1094 1624 Benedictus
1119 1565 1247 1622 XIV
1271 1608 1287 1638 ‚
1318 1586 1442 1622 non
1471 1565 1748 1623 Romanis
1773 1564 2151 1625 Pontificibus
2172 1611 2188 1642 ,
2219 1569 2319 1650 qui
2348 1590 2484 1629 eam

346 1660 761 1743 improbarunt
791 1672 969 1741 atque
1001 1671 1205 1741 aperte
1229 1663 1560 1738 rejecerunt
1581 1705 1596 1735 a
1643 1659 1746 1720 sed
1768 1665 2234 1740 proeteritorum
2259 1667 2484 1724 seculo-

346 1777 494 1815 rum
523 1757 917 1836 quaestoribus
957 1757 1158 1815 tribui
1185 1755 1352 1815 dehet
1384 1755 1494 1835 (3).

348 1948 493 1997 Italiae
526 1947 776 2012 praeserti‘m
817 1947 1075 1996 cervicibus
1098 1947 1262 2013 jugum
1290 1949 1377 1995 mi·
1459 1948 1557 1995 nite
1578 1946 1684 1996 illos
1702 1985 1714 2007 ‚
1736 1949 1855 1997 coeci
1875 1957 2050 1998 sumet
2064 1949 2205 2000 duces
2228 1965 2482 2004 caeeorum.

352 2030 617 2094 nabantur3
649 2030 708 2079 ad
750 2033 966 2096 pontium
990 2068 1004 2090 ‚
1043 2032 1258 2091 viarum,
1290 2040 1375 2079 etc.
1529 2031 1594 2094 (l)
1631 2029 1730 2079 Cfr.
1776 2030 1950 2080 Christ.
2002 2031 2196 2099 Lupus,
2250 2035 2359 2083 diss.
2399 2037 2481 2084 cit.

356 2114 657 2163 refectionem
677 2131 730 2162 ac
745 2115 1159 2177 constructionem3
1178 2113 1237 2162 ad
1254 2123 1373 2162 tem-

359 2196 542 2261 plorum
564 2233 579 2260 ,
600 2196 901 2262 hospitalium
918 2234 931 2256 ‚
953 2196 1376 2261 orphanotrophio-

361 2296 492 2338 rum,
530 2290 620 2328 etc.
667 2280 944 2327 erectionem
978 2288 1024 2326 et
1061 2277 1379 2338 dotationem,-

360 2362 419 2410 ad
448 2362 710 2427 puellarum
742 2361 953 2427 maleque
980 2370 1232 2425 nuptarum
1262 2360 1378 2408 sub-

355 2447 621 2494 ventionem
649 2481 663 2506 ,
698 2451 790 2494 etc.
832 2454 922 2493 etc.
965 2444 1024 2492 de
1070 2443 1242 2509 quibus
1283 2443 1377 2491 cfr.

360 2526 540 2576 Amort.
590 2545 667 2593 op.
707 2530 786 2575 cit.
826 2527 935 2575 dist.
977 2542 1024 2585 1,
1064 2521 1263 2596 sect-6²
1312 2541 1377 2589 73

360 2610 476 2658 adeo
490 2619 543 2657 ut
557 2612 719 2659 merito
735 2610 981 2659 concludat
995 2608 1202 2658 eruditus
1218 2607 1379 2666 Scotti,

362 2686 609 2739 Problemi
640 2691 696 2739 di
721 2691 935 2740 Pontica
976 2693 1216 2741 cristiana
1235 2727 1254 2752 ,
1286 2690 1381 2740 Na-

360 2773 454 2838 poli
487 2771 633 2834 1830,
662 2774 756 2822 vol.
774 2776 791 2821 i
812 2811 825 2834 ‚
853 2783 972 2838 part.
1007 2790 1042 2820 11
1061 2811 1074 2834 ‚
1095 2784 1299 2822 teorema
1316 2789 1378 2835 2,

363 2858 513 2921 ipsam
545 2856 782 2921 politicam
822 2857 1083 2904 societatem
1113 2856 1382 2904 innumeras

362 2955 502 3004 prope
528 2938 747 2987 utilitates
782 2937 949 2986 exinde
980 2939 1253 3003 percepisse.
1287 2935 1383 2985 Nec

364 3022 697 3082 omittendum,
717 3022 906 3069 nonnisi
923 3037 1096 3086 paucas
1126 3020 1381 3069 admodum

363 3105 504 3153 fuisse
535 3103 851 3167 Indulgentias
877 3102 965 3151 sub
990 3103 1079 3151 hac
1115 3103 1382 3170 conditione

366 3202 638 3248 concessas,
671 3188 710 3235 si
739 3195 1063 3252 comparentur
1096 3202 1204 3234 cum
1243 3186 1375 3247 aliis,

365 3285 467 3333 quae
501 3269 561 3317 ob
585 3276 724 3334 opera
754 3286 835 3317 seu
871 3269 1083 3318 exercitia
1127 3286 1253 3318 mere
1283 3270 1378 3334 spi-

1460 2129 1561 2178 cap.
1600 2114 1630 2162 3
1660 2123 1703 2161 et
1735 2111 1809 2178 4,·
1832 2132 1919 2163 nec
1950 2131 2051 2163 non
2073 2114 2253 2167 Amort.
2286 2127 2402 2182 part.
2424 2135 2479 2179 ιι,

1460 2204 1575 2244 sect.
1599 2213 1631 2243 1.

1532 2276 1600 2341 (2)
1638 2276 1699 2326 Ut
1715 2287 1839 2342 patet
1863 2295 1920 2326 ex
1938 2279 2089 2327 verbis
2107 2316 2120 2340 ,
2148 2296 2253 2346 quae
2283 2279 2482 2329 adduxi-

1462 2376 1566 2406 mus
1589 2357 1934 2414 exSismondi.

1532 2440 1607 2505 (3)
1640 2439 1713 2489 De
1758 2438 1954 2506 Synodo
1991 2440 2181 2490 dioeces.
2221 2441 2309 2490 lib.
2359 2460 2479 2507 ιω,

1462 2541 1564 2588 cap.
1607 2521 1694 2583 18,
1723 2522 1749 2589 S
1783 2541 1843 2588 7,
1887 2524 1968 2572 ubi
2010 2522 2143 2589 plura
2181 2527 2303 2574 scitu
2339 2526 2481 2592 digna

1461 2608 1774 2671 reperiuntur.
1825 2606 2099 2656 Audiendus
2147 2606 2338 2672 proinde
2383 2627 2481 2658 non

1463 2698 1532 2738 est
1551 2687 1786 2750 Morinus,
1816 2689 1930 2737 dum
1949 2725 1963 2748 ‚
1987 2689 2066 2737 De
2096 2688 2284 2738 Poenit.
2300 2690 2387 2738 lib.
2406 2707 2438 2738 x
2460 2727 2475 2751 ,

1462 2788 1564 2834 cap.
1589 2785 1673 2832 22,
1687 2773 1971 2818 contrarium
1989 2770 2182 2818 suadere
2193 2768 2479 2820 nititur.Nec

1462 2870 1595 2915 sane,
1617 2852 1748 2920 quod
1767 2854 1858 2902 sibi
1881 2855 2117 2919 proposuit
2132 2890 2148 2914 ‚
2174 2864 2445 2919 argumenta
2459 2892 2474 2915 ,

1463 2956 1565 3004 quae
1584 2938 1746 2998 affert,
1780 2940 2014 2987 evincunt.
2047 2937 2167 2986 Cum
2190 2940 2383 3003 peccau'
2397 2957 2480 2988 no·

1463 3038 1572 3069 men
1591 3023 1758 3086 passim
1775 3029 2020 3086 usurpetur
2037 3021 2096 3068 ad
2118 3021 2476 3086 significandum

1462 3119 1607 3168 poenae
1634 3112 1812 3152 reatum
1831 3139 1844 3163 ‚
1876 3103 1968 3151 hoc
1998 3119 2134 3151 sensu
2171 3102 2365 3168 intelligi
2394 3103 2477 3152 de-

1459 3185 1574 3235 bent
1594 3185 1680 3233 illae
1706 3185 1944 3246 sormulae,
1975 3183 2146 3251 quibus
2164 3184 2336 3233 dicitur
2353 3221 2367 3246 ‚
2393 3203 2476 3250 per

1460 3268 1777 3334 Indulgentias
1803 3268 1983 3316 remitti
2017 3276 2215 3332 peccata
2236 3304 2248 3327 ‚
2288 3277 2367 3316 aut
2389 3278 2476 3317 ter·

360 3350 543 3399 ritualia
558 3351 930 3401 conferebantur.
959 3350 1197 3411 Attamen,
1223 3350 1379 3398 uthae-
1456 3352 1577 3398 tiam
1612 3360 1802 3416 partem
1824 3359 2154 3417 peccatorum,
2192 3360 2294 3398 tum
2326 3353 2466 3400 etiam

358 3434 487 3481 retici
517 3442 562 3481 et
598 3435 824 3484 increduli
854 3433 1077 3483 invidiam
1102 3433 1305 3482 conflent
1324 3435 1373 3481 in
1456 3448 1564 3501 quae
1589 3432 1751 3482 Romae
1779 3433 2011 3482 interdum
2038 3435 2239 3498 antiquae
2262 3434 2471 3480 invisun-

356 3513 756 3580 indulgentiarum
774 3518 1067 3582 largitionem
1083 3517 1370 3581 ingeminare
1454 3525 1532 3565 ιω·
1545 3515 1752 3565 formulae
1772 3553 1784 3575 ‚
1824 3533 1898 3564 ex.
1929 3532 1996 3581 gr.
2018 3517 2212 3565 concedi
2231 3514 2473 3563 remissio-

357 3596 481 3660 apud
510 3598 746 3662 imperitos
775 3600 928 3648 adbuc
947 3608 1172 3665 pergunt,
1198 3601 1248 3647 in
1279 3597 1369 3647 Ec·
1451 3615 1563 3647 nem
1602 3599 1824 3646 omnium
1844 3606 2152 3664 peccatorum
2179 3594 2470 3647 visitantibus

342 3679 480 3729 clesia
498 3678 707 3732 Romana
728 3681 863 3733 vendi
889 3681 1233 3747 indulgentias!
1265 3680 1349 3730 Si·
1449 3681 1590 3731 talem
1606 3680 1860 3731 Ecclesiam
1881 3719 1895 3742 ,
1914 3683 1984 3731 uti
2014 3681 2242 3746 legiturin
2264 3677 2467 3727 Ecclesia
