2508 4120
282 93 404 152 290
911 104 1236 142 'raam-nus
1281 105 1349 140 mi
1394 103 1767 143 nummolum

282 275 574 316 consensu
608 269 804 307 coram
836 246 1094 306 Parocho
1134 245 1490 327 duobusque
1534 245 1778 305 testibus
1817 251 2215 329 patefaciendo
2239 300 2255 330 a
2300 277 2427 317 res-

282 353 477 433 picere
511 345 625 424 (l).

379 442 515 500 162.
565 441 816 498 Demum
865 460 985 496 non
1041 438 1210 519 pauci
1268 448 1636 497 recesserunt
1684 437 1757 495 ab
1802 438 1911 497 hac
1946 444 2273 524 sententia,
2313 469 2428 530 qua

285 538 420 597 solis
450 533 820 615 Principibus
860 543 982 592 tota
1014 532 1297 592 tribuitur
1338 544 1595 616 potestas
1646 534 1946 593 statuendi
2006 537 2431 620 impedimenta

292 630 740 693 Matrimonium
779 628 1157 704 dirimentia3
1196 639 1257 688 at
1286 628 1448 712 apud
1476 629 1674 711 plures
1701 630 1953 692 invaluit
1985 631 2250 694 doctrina
2276 680 2291 710 a
2322 656 2434 718 qua

291 727 547 789 traditur
587 727 824 808 utrique
859 727 1138 807 potestati
1176 725 1572 786 ecclesiasticae
1605 738 1665 785 et
1698 727 1851 790 civili
1879 750 1950 787 eoe
1984 716 2153 808 aecjuo
2181 741 2437 814 potestas

291 828 354 885 in
378 845 576 884 causas
603 822 1059 882 matrimoniales
1081 868 1097 897 .‚
1126 834 1186 881 et
1214 823 1541 904 praesertim
1557 823 1950 884 constituendi
1975 825 2399 908 impedimenta
2419 874 2435 903 ,

294 943 427 1004 quae
468 920 701 978 irritum
745 917 1002 977 reddant
1042 917 1508 978 Christianorum
1547 921 1900 999 conjugium.
1959 921 2236 1003 Theologi
2287 922 2438 984 Galli

296 1039 419 1075 non
441 1015 615 1099 pauci
647 1014 782 1072 huic
809 1013 1247 1095 adstipulantur
1273 1016 1602 1090 sententiae7
1629 1037 1883 1097 quorum
1912 1029 2108 1098 partes
2123 1020 2441 1079 novissime

295 1113 555 1196 suscepit
594 1115 667 1171 D.
708 1110 971 1170 Carriere
1004 1110 1067 1168 in
1097 1132 1202 1169 suo
1228 1121 1481 1170 tractatu
1516 1111 1589 1171 de
1618 1114 1994 1172 Matrimonio
2031 1114 2142 1193 (2).
2179 1116 2231 1173 Is
2258 1116 2441 1197 profi-

298 1221 492 1286 tetur,
518 1230 579 1274 se
606 1207 886 1290 amplecti
911 1218 1198 1289 tanquam
1237 1206 1692 1288 probabiliorem
1728 1208 2031 1268 Gallorum
2061 1211 2403 1291 opinionem
2423 1255 2440 1287 .‚

299 1328 366 1367 eo
394 1305 555 1390 quod
580 1305 754 1384 hujus
784 1304 1021 1386 patroni
1052 1303 1274 1363 felicius
1302 1326 1363 1364 se
1393 1304 1672 1387 expedire
1698 1305 2011 1366 videantur
2038 1306 2111 1365 ab
2135 1319 2442 1368 extraneo-

300 1427 435 1463 rum
465 1400 943 1475 auctoritatibUS,
975 1412 1039 1459 ut
1062 1401 1186 1482 ipse
1213 1400 1507 1482 loquitur,
1543 1423 1722 1483 quam
1747 1423 1808 1461 se
1833 1403 2149 1484 expediant
2175 1405 2443 1465 extranei

302 1523 334 1558 a
361 1499 666 1558 Gallorum
697 1498 1060 1576 argumentis
1088 1496 1423 1575 theologicis
1451 1497 1565 1578 (3).

392 1595 529 1652 163.
580 1592 733 1651 Talis
763 1602 851 1651 est
872 1592 1128 1650 historiae
1154 1613 1384 1650 summa
1419 1591 1490 1652 de
1519 1592 1627 1652 hac
1665 1596 2090 1668 controversia,
2123 1617 2255 1678 quae
2288 1598 2446 1655 exci-

306 1700 429 1748 tata
479 1691 743 1771 primum
785 1698 876 1747 est
924 1708 957 1744 a
1010 1687 1475 1747 Protestantibus
1498 1734 1514 1763 7
1574 1699 1637 1748 et
1685 1689 2007 1749 instaurata
2058 1690 2131 1750 ab
2183 1701 2447 1772 apostata

307 1787 488 1844 Marc.
528 1787 666 1842 Ant.
699 1781 772 1841 de
801 1783 1069 1841 Dominis
1091 1827 1108 1856 ,
1143 1782 1359 1842 deinde
1398 1805 1538 1844 vero
1567 1806 1600 1844 a
1629 1784 1887 1864 Launoj0
1910 1784 1999 1866 (4)
2025 1831 2041 1860 ‚
2078 1797 2282 1868 postea
2305 1809 2445 1850 vero

309 1902 340 1938 a
368 1879 718 1940 Jansenistis
747 1889 807 1937 et
828 1878 1026 1937 aulicis
1054 1877 1436 1959 scriptoribus
1456 1925 1475 1956 7
1500 1891 1559 1940 et
1588 1880 1664 1939 ad
1686 1903 1794 1940 nos
1823 1904 2008 1964 usque
2036 1883 2310 1964 pervenit
2333 1883 2447 1966 (5).

397 1975 535 2035 164.
584 1975 687 2034 His
709 1973 984 2033 omnibus
1015 1974 1369 2057 opponimus
1392 1977 1801 2037 auctoritatem
1827 1977 2068 2038 Concilii
2090 1980 2446 2056 Tridentini,

310 2070 471 2153 quod
491 2115 507 2142 a
531 2091 668 2128 sess.
698 2070 907 2143 XXIV,
933 2069 1039 2128 hos
1063 2090 1313 2129 canones
1346 2072 1726 2132 novatoribus
1761 2071 1973 2150 obJecit
1999 2097 2014 2134 :
2049 2075 2193 2134 Can.
2222 2077 2302 2134 III
2338 2097 2352 2133 :
2381 2076 2456 2133 Si

311 2171 450 2246 quis
487 2167 716 2224 dixerit
739 2186 831 2223 eos
867 2175 1111 2223 tantum
1143 2170 1728 2246 consanquineitatis
1761 2179 1817 2226 et
1845 2170 2155 2247 affinitatis
2189 2171 2451 2248 ymetus,

311 2267 426 2342 qui
473 2266 543 2320 in
589 2261 848 2320 Levitico
900 2264 1369 2340 exprimuntur,
1415 2284 1586 2342 posse
1635 2266 1928 2343 impedire
1974 2268 2455 2327 ,Matrimonium

313 2360 796 2420 contrahendum
837 2369 894 2417 et
925 2360 1214 2417 dirimere
1243 2370 1654 2430 contractum3
1683 2383 1787 2421 nec
1810 2383 1979 2441 posse
2021 2363 2359 2422 Ecclesiam
2384 2367 2455 2422 in

313 2459 629 2517 nonnullis
661 2457 907 2515 illorum
938 2457 1289 2536 dispensare
1315 2499 1331 2522 ,
1365 2468 1476 2515 aut
1513 2460 1905 2530 constituere,
1940 2469 2011 2516 ut
2026 2460 2241 2538 plures
2263 2464 2457 2539 impe·

311 2556 492 2614 diant
526 2565 582 2612 et
621 2555 969 2625 dirimant,
1019 2553 1347 2612 anatliema
1390 2556 1486 2611 sit.
1540 2553 1686 2611 Can.
1736 2554 1810 2613 IV
1857 2576 1870 2612 :
1909 2555 1982 2612 Si
2011 2559 2150 2634 quis
2198 2556 2456 2624 dimerit,

316 2652 657 2710 Ecclesiam
686 2671 808 2709 non
835 2654 1105 2728 potuisse
1132 2651 1487 2708 constituere
1524 2648 1957 2729 impedimenta
1984 2650 2453 2710 Matrimonium

318 2747 711 2813 dirimentia,
765 2750 854 2802 vel
892 2750 962 2801 in
1019 2749 1096 2801 iis
1164 2745 1594 2803 constituendis
1643 2765 1875 2803 errasse
1895 2791 1911 2812 ,
1978 2745 2302 2804 arzathema
2350 2750 2450 2805 sit.

386 2967 457 3032 (1)
496 2964 597 3015 Cfr.
617 2968 732 3031 opus
752 2965 832 3014 cit.
859 2963 1075 3013 Kiistneri
1096 3001 1108 3023 ‚
1130 2960 1203 3011 De
1233 2965 1352 3012 Ma·
1437 2972 1505 3011 set
1521 2961 1784 3029 Launojum
1803 2964 1926 3012 inter
1944 2964 2235 3028 confessores
2249 2977 2293 3015 et
2322 2976 2458 3017 testes

323 3048 556 3098 trimonio
574 3086 587 3108 ‚
614 3057 704 3096 etc.
1438 3044 1980 3110 evangelico-catholica?
2005 3049 2221 3097 veritatis
2238 3088 2251 3109 ,
2287 3067 2456 3116 nempe

395 3133 460 3198 (2)
504 3128 1123 3194 Praelecticnestlieoloqicae
1146 3126 1350 3194 majores
1432 3131 1553 3177 inter
1583 3128 1887 3179 Lutheranos.
1926 3129 2026 3179 Cfr.
2056 3131 2266 3181 Zaccaria
2285 3172 2298 3193 ‚
2335 3133 2464 3181 Anti

322 3220 380 3264 in
421 3216 685 3264 seminario
714 3217 873 3261 sancti
903 3211 1111 3278 Sulpitii
1144 3212 1343 3263 habitoe.
1431 3211 1694 3272 Febr-onio,
1714 3222 1828 3261 tom.
1851 3230 1867 3260 1
1885 3250 1898 3274 ,
1922 3214 2041 3278 pref.
2075 3233 2180 3280 cap.
2207 3231 2236 3264 2
2257 3254 2272 3278 ‚
2301 3234 2350 3282 p.
2374 3215 2457 3284 76,

320 3297 393 3346 De
430 3299 787 3355 Illatrimom’o5
824 3296 915 3345 vol.
959 3311 1022 3356 2,
1065 3298 1114 3343 in
1140 3292 1227 3355 8⁰,
1270 3295 1354 3343 Pa·
1439 3293 1616 3344 Cesena
1660 3292 1809 3359 1781.

318 3386 399 3430 ris.
442 3381 593 3450 1837.
1507 3377 1571 3442 (5)
1610 3376 1710 3427 cfr.
1755 3377 2059 3445 Roskovany‚
2097 3397 2172 3445 op.
2208 3383 2286 3429 cit.
2320 3378 2401 3444 a§
2434 3396 2450 3427 ι

397 3464 463 3529 (3)
505 3464 724 3525 Tom.1‚
765 3482 867 3531 pag.
907 3459 1018 3511 136.
1436 3460 1493 3508 ad
1534 3459 1622 3520 15,
1673 3459 1753 3509 ubi
1797 3460 2132 3510 eruditissimus
2162 3473 2320 3511 auctor
2358 3462 2459 3511 fuse

344 3606 352 3611 ,
391 3547 458 3612 (4)
504 3548 762 3597 protestans
781 3547 889 3596 Ant.
917 3545 1135 3595 Reiserus
1152 3581 1164 3603 ‚
1199 3545 1252 3590 in
1269 3560 1345 3609 op.
1438 3555 1578 3594 totam
1613 3545 1734 3595 banc
1756 3545 1997 3595 historiam
2021 3548 2231 3612 exponit.

322 3632 446 3678 edito
474 3629 805 3679 Amstelodami
837 3647 960 3679 anno
999 3624 1123 3676 1685
1151 3665 1163 3690 ‚
1187 3644 1346 3677 recen·
