2508 4120
311 100 436 160 222

965 123 1288 161 TRAGTATUS
1331 125 1401 161 DE
1445 123 1823 168 MA'rmuomo.

315 265 487 340 Quod
506 266 858 324 confirmant
884 285 955 323 ex
973 263 1086 323 illis
1103 267 1381 346 conjugiis
1404 312 1420 342 ,
1445 287 1573 350 quae
1595 280 1878 351 praesente
1897 273 2137 353 quidem
2161 277 2436 359 parocho,

313 363 417 423 sed
458 363 580 443 ipso
610 359 835 434 invito,
881 361 1001 420 imo
1047 361 1387 423 obluctante
1435 365 1897 442 contraliunturt,
1943 390 2074 450 quae
2110 384 2308 434 tamen
2360 375 2439 432 ita

313 478 451 518 vera
481 456 747 536 conjugia
797 467 972 531 sunt.,
1019 468 1087 515 ut
1137 458 1383 518 Ecclesia
1426 459 1532 518 hos
1569 464 1843 541 conjuges
1891 484 2083 545 neque
2131 469 2441 552 compellat

310 572 504 632 neque
540 552 755 614 invitet
791 552 867 611 ad
911 555 1310 636 accipiendam
1350 556 1589 637 parochi
1624 557 2115 620 benedictionem.
2155 563 2220 620 Id
2249 565 2441 645 ipsum

315 647 675 708 concludunt
703 670 773 708 ex
800 651 1191 711 Matrimoniis
1235 653 1392 711 initis
1426 674 1619 712 coram
1646 656 1903 715 Parocho
1950 670 2050 717 aut
2090 659 2309 718 vicario
2342 683 2441 740 ge-

309 742 501 804 nerali
540 757 644 804 aut
678 745 973 805 Cardinali
997 770 1119 807 non
1151 748 1595 823 SacerdotibuS,
1633 751 1737 810 sed
1775 751 1870 811 vel
1898 751 2150 812 diaconis
2189 754 2281 817 vel
2310 753 2444 813 sub-

302 839 566 900 diaconis
585 887 603 915 ,
647 853 748 900 aut
782 843 961 902 etiam
999 844 1061 903 in
1086 844 1414 913 minoribus
1445 845 1747 904 ordinibus
1778 847 2126 931 quandoque
2151 853 2441 910 constitu-

307 937 413 1012 tis;
446 949 575 997 tum
597 939 775 998 etiam
799 961 869 999 ex
896 941 1205 1021 conjugii5‚
1243 962 1373 1023 quae
1400 963 1469 1001 ex
1494 942 1929 1024 dispensatione
1950 946 2245 1026 pontificia
2272 991 2288 1020 a
2318 947 2359 1007 si
2370 968 2438 1007 ve

307 1032 370 1092 in
405 1035 739 1115 regionibus
784 1036 1195 1096 liaereticorum
1242 1038 1371 1117 (l),
1421 1039 1543 1097 sive
1580 1040 1643 1097 in
1683 1039 2016 1118 regionibus
2057 1041 2385 1102 infidelium
2421 1088 2437 1118 .,

311 1128 534 1214 absque
565 1133 873 1214 praesentia
904 1133 1233 1192 Sacerdotis
1263 1155 1294 1192 a
1325 1133 1595 1192 fidelibus
1620 1134 1992 1195 celebrantur
2011 1182 2027 1210 ,
2074 1158 2201 1219 quae
2242 1139 2438 1198 omnia

306 1238 374 1286 ut
400 1249 538 1290 vera
561 1229 936 1289 Matrimonia
961 1241 1021 1290 et
1045 1231 1420 1290 Sacramenta
1442 1243 1779 1291 censentur.

311 1407 611 1475 telligebatur
646 1411 917 1476 conjugium
952 1411 1072 1458 inter
1111 1409 1333 1458 Christia-

306 1511 391 1541 nos
429 1495 600 1540 initum
622 1530 634 1553 ,
662 1511 716 1541 ac
740 1493 933 1557 proinde
954 1491 1328 1552 Sacramentum,

306 1577 544 1626 evidenter
571 1586 748 1624 constat
783 1594 837 1623 ex
868 1576 1058 1623 historia
1091 1575 1290 1622 Concilii
1316 1613 1329 1635 ‚

305 1670 417 1709 etex
438 1661 666 1724 praecipua
691 1658 981 1719 difficultate,
997 1677 1099 1724 quae
1118 1659 1173 1706 ab
1192 1659 1329 1723 Epis·

304 1745 432 1809 copis
458 1754 500 1792 et
523 1743 744 1808 theologis
777 1743 1121 1808 opponentibus
1144 1759 1331 1807 promo-

302 1825 497 1874 vebatur
549 1824 766 1872 adversus
808 1841 884 1871 eos
920 1863 933 1883 ‚
975 1827 1056 1890 qui
1104 1825 1332 1889 urgebant

301 1908 540 1956 decretum
565 1907 621 1955 ad
642 1907 861 1955 irritanda
880 1906 1175 1956 Matrimonia
1203 1907 1331 1955 clan-

301 1992 501 2041 destina.
543 1991 663 2039 Illud
707 1994 833 2041 enim
873 1991 1020 2057 liquet
1055 2009 1108 2039 ex
1139 1992 1327 2039 historia

301 2072 446 2123 Card.
482 2073 749 2122 Pallavicini
767 2110 780 2134 ,
808 2073 893 2121 lib.
931 2090 1026 2120 xxu
1047 2110 1061 2134 ‚
1091 2089 1199 2137 cap.
1223 2071 1257 2135 4
1284 2084 1327 2122 et

301 2173 432 2222 seqq.
469 2162 516 2203 et
541 2159 707 2203 iterum
728 2155 811 2202 lib.
840 2170 979 2212 xxiii,
1014 2171 1117 2219 cap.
1148 2154 1199 2203 8.
1232 2155 1325 2204 Nos

298 2236 535 2286 hrevitatis
587 2239 730 2302 gratia
785 2254 935 2284 unum
988 2247 1067 2285 aut
1125 2238 1321 2285 alterum

300 2320 636 2369 documentum
670 2319 940 2368 afferemus.
975 2319 1130 2368 Refert
1165 2323 1322 2386 itaque

297 2402 570 2451 Pallavicini
596 2440 610 2461 ‚
637 2401 727 2454 lib.
762 2420 888 2460 xxii,
915 2421 1019 2466 cap.
1048 2400 1109 2464 4,
1147 2421 1199 2451 n.
1242 2401 1274 2450 8
1302 2421 1316 2451 2

296 2488 366 2536 In
379 2495 544 2551 questa
561 2495 785 2534 sentenza
818 2486 1072 2550 (negativa)
1099 2503 1320 2537 concorse

302 2568 560 2618 Giovemm‘
582 2570 631 2617 T
628 2570 865 2633 riviqiani
878 2566 1139 2618 Patriarca
1160 2571 1215 2619 di
1226 2569 1286 2618 V
1279 2574 1319 2619 i-

296 2652 442 2697 nezia
465 2650 506 2696 il
530 2650 668 2715 quale
691 2652 810 2715 neq&
844 2668 940 2699 non
955 2670 1058 2717 pur
1080 2652 1126 2701 la
1152 2671 1319 2704 conve-

295 2733 476 2780 nienza
493 2769 505 2790 ‚
525 2750 605 2780 ma
625 2733 671 2780 Ia
685 2743 922 2798 potenza5
943 2738 1316 2798 arqomentando

295 2830 395 2862 non
410 2816 591 2880 potersi
606 2816 697 2878 (dal
720 2814 943 2879 Concilio)
964 2817 1049 2877 far
1062 2817 1192 2865 nullo
1209 2818 1320 2883 quel

295 2894 641 2958 Sacramento,
673 2896 713 2944 il
738 2897 876 2962 quale
901 2897 962 2944 Ιια
992 2906 1113 2946 tutta
1144 2899 1191 2948 la
1223 2918 1316 2949 sua

294 2996 516 3040 essenza,
551 2979 726 3028 bench&
752 2980 822 3044 912·
860 2981 1123 3029 manchino
1161 2981 1201 3029 le
1227 2983 1312 3030 do-

294 3073 404 3114 vule
443 3064 678 3112 solennitas
707 3083 726 3111 .·
764 3081 894 3112 come
929 3082 1020 3131 per·
1054 3068 1311 3133 essempio,

293 3164 473 3195 ancora
490 3147 575 3195 che
591 3164 656 3194 un
670 3147 918 3196 Sacerdote
932 3152 1152 3197 consae-ri
1166 3167 1315 3198 senza

294 3228 338 3277 Ie
365 3247 499 3278 sacre
540 3232 693 3289 vesti,
722 3230 777 3294 sa
813 3245 921 3277 vero
961 3227 1276 3280 Sacramenta
1298 3271 1310 3293 ‚

292 3310 365 3358 eol
380 3312 461 3359 che
488 3329 715 3360 concorra
733 3312 781 3360 la
809 3312 1108 3369 materiaela
1130 3316 1310 3378 forma.

296 3389 378 3439 Or
413 3394 710 3443 consistendo
749 3394 977 3444 l’essenza
1015 3394 1093 3442 del
1127 3397 1312 3443 hlutri-

293 3475 457 3522 mom'o
492 3475 575 3523 nel
600 3486 764 3526 rnutuo
792 3480 1166 3527 concentimeneo
1203 3496 1311 3527 sen·

291 3555 432 3605 sibile
444 3592 461 3620 ‚
488 3574 513 3604 e
527 3559 883 3610 rickiedendoei
899 3561 1050 3611 l'altre
1077 3560 1313 3611 solennitci

290 3650 322 3688 υ
344 3656 440 3706 per
483 3639 647 3690 decoro
688 3659 714 3691 ο
742 3660 835 3708 per
865 3661 1018 3710 prova
1041 3683 1054 3707 ,
1083 3644 1123 3696 il
1146 3644 1309 3711 difetto

1420 1409 1475 1457 di
1509 1426 1633 1471 esse,
1655 1427 1896 1477 epponem
1923 1411 2018 1476 eqli
2034 1449 2047 1472 ‚
2078 1429 2176 1461 non
2197 1430 2298 1478 puo
2341 1423 2437 1462 tor-

1418 1510 1469 1539 re
1498 1491 1537 1539 il
1566 1493 1742 1541 valore.
1778 1494 1835 1541 Et
1867 1513 2001 1543 num.
2038 1492 2127 1553 16,
2164 1496 2357 1561 loquens
2378 1497 2435 1546 de

1418 1574 1636 1638 suffragio
1672 1573 2114 1636 Constant2Bonelli
2153 1575 2305 1641 Episc.
2353 1576 2433 1624 Ti-

1417 1655 1609 1703 fernatis
1635 1659 1742 1704 satis
1763 1657 1939 1722 prolixo
1960 1695 1972 1715 ‚
1994 1676 2086 1723 quo
2111 1658 2434 1723 comprobavit

1416 1738 1627 1787 Ecclesiae
1669 1741 1734 1787 fas
1775 1757 1870 1788 essc
1917 1742 2148 1806 ejusmodi
2199 1742 2435 1791 connubia

1414 1823 1697 1870 clandestina
1740 1826 1868 1871 irrita
1909 1825 2088 1884 facere,
2130 1828 2194 1874 sic
2239 1844 2292 1875 ex
2334 1823 2436 1893 ejus

1415 1915 1569 1953 mente
1595 1909 1884 1971 prosequitur
1914 1924 1927 1956 ε
1969 1907 2230 1974 Comprovd
2259 1909 2343 1957 che
2388 1909 2435 1959 la

1415 1986 1592 2035 Ckiesa
1621 1996 1796 2054 poteva
1832 1989 2067 2038 annullar
2108 1990 2196 2038 tali
2248 1992 2435 2040 ,Μαινί-

1411 2072 1568 2118 mom‘i
1588 2088 1685 2118 non
1700 2074 1784 2135 qie'z
1799 2072 2101 2120 annullando
2126 2073 2168 2120 il
2186 2083 2430 2131 contracto,

1407 2169 1432 2198 e
1457 2155 1558 2200 cosi
1577 2153 1878 2218 toylz'endoqli
1904 2152 2066 2203 l'esser
2093 2158 2298 2202 materia
2330 2155 2432 2203 ido-

1406 2249 1497 2280 nea
1518 2234 1595 2280 del
1622 2233 1963 2294 Sacramento‚
1995 2235 2124 2283 come
2161 2254 2313 2284 avean
2348 2255 2431 2285 ra-

1405 2318 1601 2379 qionato
1622 2316 1792 2365 alcuni
1803 2337 1822 2379 ,-
1847 2318 2097 2383 percioche
2129 2319 2170 2366 il
2199 2328 2431 2369 contracto

1404 2398 1479 2446 del
1513 2400 1839 2448 Matrimonia
1868 2410 1942 2450 tra
1966 2401 2118 2465 fedeli
2154 2419 2253 2449 non
2283 2405 2306 2449 ὲ
2318 2420 2431 2468 pre-

1401 2482 1592 2530 cedente
1627 2484 1688 2530 m}
1737 2483 1935 2530 dictinio
1965 2485 2046 2533 dal
2076 2482 2427 2547 Sacramenta,-

1402 2565 1523 2612 onde
1553 2582 1682 2612 come
1724 2563 2104 2614 l'amzullazione
2147 2567 2201 2614 di
2227 2577 2387 2632 questo
2410 2603 2425 2628 ‚

1399 2649 1500 2695 cosi
1524 2647 1578 2693 di
1594 2647 1749 2711 quello
1775 2665 1871 2696 non
1903 2650 1927 2695 ὸ
1947 2658 2151 2713 soqqetta
2178 2667 2208 2697 a
2226 2649 2425 2715 podest&

1399 2729 1519 2776 della
1544 2728 1736 2775 Chiesa.
1759 2730 1888 2790 (vid.
1908 2728 2051 2793 hujus
2070 2732 2155 2777 loci
2184 2731 2422 2778 translatio

1399 2811 1540 2858 latina
1564 2811 1622 2857 ad
1648 2810 1823 2858 calcem
1849 2811 2144 2874 voluminis).
2167 2811 2267 2859 Alia
2300 2817 2424 2877 eJ'us-

1400 2894 1526 2940 modi
1553 2894 1639 2940 cfr.
1666 2911 1717 2941 n.
1738 2909 1815 2953 20,
1851 2894 1934 2953 23,
1962 2892 2023 2943 25
2042 2931 2057 2956 ,
2078 2913 2129 2943 ex
2151 2897 2321 2960 quibus
2346 2896 2421 2944 lu-

1398 2973 1710 3022 culentissime
1729 2978 1955 3023 evincitur
1973 3014 1986 3035 ‚
2019 2979 2080 3024 ita
2113 2976 2299 3025 Patrum
2319 2978 2423 3026 Tri-

1399 3056 1694 3105 dentinorum
1711 3061 1877 3106 animis
1895 3060 2111 3108 insedisse
2146 3064 2421 3110 sententiam

1397 3139 1526 3187 illam
1547 3178 1559 3200 ,
1588 3159 1678 3206 qua
1697 3141 1997 3191 Matrimoniis
2015 3145 2310 3193 clandestinis
2325 3148 2422 3194 veri

1401 3222 1686 3271 Sacramenti
1727 3228 1947 3275 rationem
1991 3229 2138 3276 inesse
2172 3228 2369 3294 dicimus
2400 3265 2413 3288 ‚

1397 3315 1449 3353 ut
1464 3341 1482 3367 ,
1505 3307 1650 3371 quiid
1672 3324 1765 3355 non
1783 3308 1953 3368 videat,
1971 3321 2128 3375 captus
2145 3312 2279 3376 plane
2304 3328 2415 3359 ocu·

1397 3387 1453 3437 lis
1484 3391 1710 3439 videatur.

1463 3473 1532 3536 (l)
1570 3473 1744 3523 Notum
1772 3485 1866 3534 est,
1899 3478 1950 3524 in
1981 3476 2143 3542 Anglia
2174 3487 2217 3526 et
2244 3480 2295 3524 in
2327 3476 2413 3524 Hi-

1395 3554 1559 3604 bernia
1599 3557 1659 3604 ob
1692 3560 1978 3623 gravissimas
2020 3575 2172 3624 poenas
2217 3560 2414 3606 commi-

1398 3648 1527 3690 natas
1555 3641 1717 3692 acivili
1730 3652 1951 3709 potestate
1968 3639 2306 3703 Sacerdotibus,
2332 3645 2414 3708 qui
