2612 4146
476 206 597 245 GAP.
641 207 703 243 11.
751 207 812 242 ιΝ
854 207 1001 244 snm..
1054 206 1299 246 saonam.
1345 208 1509 246 ux'rn.
1558 208 1724 247 uuor.
1745 228 1768 258 ,
1810 209 1931 247 arc.
2183 192 2256 251 71

165 358 365 409 mento
393 347 760 408 Poenitentioe
779 393 796 423 ,
821 347 915 409 vel
938 347 1037 407 ubi
1062 348 1135 408 de
1165 347 1349 410 salute
1374 348 1553 408 animi
1567 348 1919 430 sempiterna
1949 350 2163 430 agitur,
2187 354 2281 412 ad.

163 444 502 503 Sacerdotes
544 443 796 502 seniores
845 444 1241 525 confugiamus
1267 489 1283 518 .,
1338 444 1388 504 si
1430 443 1768 504 auctoritate
1794 488 1812 520 ‚
1861 445 2218 525 experientia
2241 492 2256 521 ,

164 537 426 597 doctrina
444 536 771 616 junioribus
806 550 1103 620 praestent.
1753 614 1757 619 1

245 632 344 691 41.
390 633 585 713 Neque
621 631 874 713 denique
904 631 968 692 id
989 633 1268 693 evincunt
1290 631 1662 692 ecclesiastica
1689 645 2067 693 monumenta
2086 679 2103 708 ,
2132 656 2258 717 quae

164 726 470 806 Basnagius
506 738 566 786 et
597 728 884 805 Launojus
921 726 1276 806 collegerunt
1295 770 1312 800 .‚
1351 724 1448 786 vel
1480 726 1717 787 Thomae
1755 727 2083 788 Waldensis
2119 747 2262 789 auc·—

162 821 384 880 toritaS.
430 821 532 880 Illa
568 821 852 903 siquidem
885 829 1264 880 monumenta
1287 840 1410 878 non
1443 821 1759 901 respidunt
1779 823 1895 882 nisi
1921 823 2260 884 unctionem

161 917 601 976 ceremonialem
635 918 743 998 (1).
780 915 1011 980 Thomae
1041 934 1218 996 porro
1244 912 1572 974 Waldensis
1600 917 1908 978 auctoritas
1936 928 2100 978 tanta
2135 938 2257 980 non

162 1021 250 1069 est
269 1056 284 1084 ,
326 1022 393 1069 ut
428 1032 557 1070 eam
578 1010 899 1070 Tridentini
921 1009 1249 1069 auctoritati
1281 1009 1671 1090 praeferamuS.

239 1105 340 1164 42.
387 1106 635 1178 Perinde
667 1115 863 1163 autem
893 1114 1015 1177 est,
1060 1101 1136 1162 ad
1166 1103 1478 1163 essentiam
1510 1103 1682 1181 hujus
1710 1105 2066 1165 Sacramenti
2099 1109 2259 1189 quod

160 1208 383 1281 spectat
401 1243 417 1275 ‚
447 1199 566 1261 sive
589 1197 662 1257 ab
686 1217 804 1256 uno
837 1197 958 1260 sive
985 1219 1017 1256 a
1046 1196 1310 1279 pluribus
1331 1196 1734 1258 Sacerdotibus
1755 1198 2108 1260 conferatur.
2138 1204 2258 1262 Etsi

159 1293 317 1352 enim
365 1291 682 1374 antiquitus
721 1292 784 1350 in
830 1302 1096 1373 utraque¹
1124 1291 1370 1352 Ecclesia
1399 1292 1689 1354 Orientali
1723 1304 1785 1354 et
1827 1294 2181 1355 Occidentali
2225 1319 2259 1356 a

156 1384 421 1468 pluribus
467 1385 868 1447 Sacerdotibus
920 1386 1032 1446 hoc
1074 1387 1513 1446 Sacramentum
1558 1388 1776 1469 passim
1816 1387 2258 1451 administrare-

156 1492 253 1540 tur
301 1481 389 1561 (2)
408 1530 422 1554 ‚
468 1502 592 1543 non
631 1481 846 1542 desunt
886 1494 1086 1541 tamen
1127 1481 1395 1564 exempla
1437 1481 1511 1542 de
1547 1482 1951 1543 administrata
1986 1484 2258 1546 Extrema

155 1577 441 1637 Unctione
459 1576 533 1636 ab
552 1597 672 1636 uno
701 1588 934 1636 tantum
965 1575 1273 1636 Sacerdote
1288 1575 1397 1657 (3).
1422 1577 1546 1637 Hoc
1566 1595 1702 1658 ergo
1725 1576 1971 1638 definire
1996 1578 2258 1639 Ecclesiae

155 1683 244 1731 est
262 1717 279 1748 ‚
313 1693 494 1755 penes
520 1692 698 1755 quam
726 1670 1048 1755 disciplinae
1069 1670 1440 1732 moderandae
1464 1677 1561 1750 jus
1583 1683 1688 1732 est.
1725 1673 2092 1755 Quapropter
2128 1696 2253 1734 non

222 1877 290 1940 (l)
323 1876 443 1926 Sane
456 1877 633 1942 singula
648 1875 844 1942 expendi
860 1876 1156 1936 documenta,

156 1973 261 2022 quae
285 1957 353 2005 illi
370 1968 575 2006 auctores
598 1959 868 2022 proferunt,
893 1973 980 2006 nec
1007 1957 1158 2006 ullum

154 2040 330 2103 reperi,
359 2039 484 2104 quod
510 2057 608 2088 non
623 2049 792 2104 spectet
818 2039 877 2087 ad
893 2040 1157 2087 unctionem

154 2121 506 2169 ceremonialem
522 2152 539 2182 ,
560 2137 665 2186 quae
680 2121 792 2170 olim
812 2122 862 2169 in
879 2136 968 2170 usu
984 2132 1080 2170 erat
1099 2120 1158 2168 ad

153 2201 491 2266 implorandam
506 2220 531 2250 a
543 2202 744 2251 Domino
758 2204 1017 2251 sanitatem.
1030 2201 1158 2250 Non-

153 2282 285 2331 nulla·
298 2300 401 2331 vero
417 2281 476 2331 ad
488 2301 583 2332 rem
596 2293 858 2348 praesentem
871 2283 1000 2332 nullo
1017 2282 1156 2331 modo

156 2374 360 2427 spectant
373 2401 388 2424 ‚
421 2363 683 2428 cujusmodi
713 2375 823 2414 sunt
838 2402 853 2424 ‚
886 2383 988 2431 quae
1018 2366 1157 2414 resert

156 2442 402 2510 Basnagius
423 2463 476 2494 ex
490 2445 691 2511 Sulpicio
708 2447 900 2506 Severo,
921 2446 1060 2496 Dial.
1072 2464 1126 2495 ιιι
1140 2483 1153 2507 ,

155 2540 259 2589 cap.
277 2526 328 2587 3,
347 2538 391 2575 et
408 2544 463 2574 ex
482 2524 534 2576 S.
548 2526 742 2592 August.
757 2528 836 2576 De
857 2528 1006 2579 civit.
1031 2528 1151 2589 Dei,

152 2604 238 2653 lib.
268 2621 390 2667 xxn,
407 2623 511 2671 cap.
536 2606 590 2656 8.
617 2607 713 2656 Nec
740 2606 886 2673 magis
907 2609 1086 2673 proficit
1100 2625 1154 2657 ex

151 2695 277 2735 textu
291 2686 532 2736 Sermonis
546 2685 602 2738 S.
617 2687 777 2754 Eliqi,
787 2693 837 2738 in
852 2708 945 2756 quo
962 2690 1142 2755 legitur:

146 2767 304 2832 AEqer
339 2767 707 2819 Eucharistiam
740 2788 850 2820 cum
869 2771 966 2835 fide
1004 2779 1050 2819 et
1074 2771 1153 2818 de—

144 2851 328 2898 votione
339 2854 596 2920 suscipiat,
605 2851 845 2917 oleumque
853 2853 1152 2901 benedictum

139 2930 345 2995 fideliter
356 2933 416 2982 ab
430 2932 649 2984 Ecclesia
660 2942 798 3001 petat
819 2951 960 3000 eoque
981 2941 1149 2999 πικραί.

143 3010 292 3074 Nam,
310 3018 489 3065 etiam-si
514 3020 761 3066 retineatur
781 3017 878 3066 haec
894 3016 1058 3080 lectio,
1088 3019 1151 3065 si-

142 3095 331 3159 quidem
375 3098 425 3146 in
469 3099 570 3147 aliis
607 3098 943 3164 exemplaribus
987 3098 1179 3163 legitur

143 3185 380 3239 «πρωίαν,
420 3190 620 3230 attamen
666 3181 840 3229 clarum
868 3191 937 3229 est
952 3216 966 3240 ‚
1012 3196 1152 3245 aegro-

145 3264 264 3316 tum,
288 3258 454 3310 debere
464 3265 574 3327 ungi
588 3263 648 3311 ab
661 3280 714 3312 eo
729 3265 809 3329 qui
823 3262 1154 3311 Eucharistiam

143 3336 376 3387 deferebat
403 3352 446 3390 et
473 3345 625 3408 ipsum
657 3344 808 3392 oleum
836 3344 1150 3406 benedictum,

141 3423 389 3484 praesertim
429 3440 536 3472 cum
580 3424 630 3474 S.
669 3424 844 3491 Eligius
891 3426 1155 3475 immediate

140 3499 389 3565 subjiciat:
414 3502 483 3552 Ut
498 3504 645 3566 illud,
670 3506 795 3571 quod
820 3508 1151 3573 scriptumest,

138 3582 394 3648 impleatur
424 3585 476 3631 in
494 3602 544 3632 eo
574 3603 586 3634 :
617 3587 907 3651 I'nfirmatur
936 3589 1115 3654 aliqui-⁹
1134 3621 1150 3647 ,

135 3663 335 3713 inducat
376 3663 672 3730 Presbytero-5
690 3705 705 3729 ,
749 3678 793 3717 et
834 3679 964 3718 orem
1003 3687 1144 3735 super

1238 1891 1363 1937 eum,
1391 1883 1656 1940 unquentes
1677 1890 1785 1924 eum
1800 1875 1928 1938 oleo,
1946 1887 2060 1940 etc.;
2086 1877 2257 1943 quibus
2303 1919 2307 1923 ,

1239 1956 1573 2005 determinatur
1597 1973 1758 2006 sensus
1789 1961 1912 2006 vocis
1947 1966 2100 2023 πικραί
2120 1995 2134 2018 ,
2169 1977 2252 2008 seu

1239 2047 1424 2103 anquat
1437 2069 1456 2100 ,
1483 2039 1532 2086 id
1555 2048 1621 2087 est
1641 2070 1655 2098 ,
1693 2038 1862 2087 efficiat
1891 2052 1971 2088 seu
2008 2049 2180 2104 satagat
2204 2051 2257 2089 ut

1239 2129 1468 2184 ungatur-5
1507 2120 1632 2185 quod
1675 2122 1812 2168 etiam
1851 2136 1910 2169 ex
1957 2120 2255 2187 sequentibus

1238 2201 1389 2249 verbis
1431 2201 1593 2265 liquet.
1635 2199 1811 2249 Verum
1839 2201 1943 2250 haec
1973 2204 2128 2250 omnia
2157 2203 2254 2251 dis-

1239 2283 1424 2330 simulat
1443 2280 1710 2347 Basnagius.
1737 2282 2024 2332 Cfr.Bened.
2051 2299 2151 2343 xiv,
2176 2276 2255 2332 De

1239 2360 1466 2428 Synodo,
1495 2362 1584 2411 lib.
1603 2376 1686 2412 vm
1710 2400 1723 2423 ,
1755 2380 1860 2429 cap.
1888 2361 2000 2430 4‚§
2042 2380 2061 2412 1
2094 2373 2250 2431 etseq.
2331 2359 2342 2361 ⁷⁷

1294 2445 1376 2511 Ὺ(2)
1410 2443 1510 2493 cfr.
1528 2443 1723 2492 Marten.
1754 2445 1849 2494 loc.
1881 2447 1961 2493 cit.
1989 2447 2118 2494 art.3
2137 2444 2246 2509 etci-

1307 2525 1370 2589 (8)
1407 2524 1459 2573 ld
1487 2527 1766 2590 apertissime
1782 2535 1963 2574 constat
1978 2528 2127 2589 exiis,
2142 2540 2248 2593 quae

1235 2606 1482 2655 attulimus
1519 2605 1576 2654 de
1615 2605 1666 2655 S.
1699 2604 1924 2671 Eugendo
1957 2610 2150 2656 inuncto
2186 2608 2247 2657 ab

1235 2690 1374 2736 unico
1405 2686 1649 2736 Sacerdote
1669 2723 1685 2746 ‚
1714 2705 1771 2736 ac
1806 2689 1863 2736 de
1906 2687 2113 2737 Artemio
2149 2689 2249 2739 oleo

1234 2779 1455 2833 peruncto
1506 2768 1564 2817 ab
1603 2786 1697 2817 uno
1742 2766 1794 2818 S.
1822 2767 2100 2834 Nepotiane.
2146 2768 2249 2819 Alia

1232 2851 1440 2915 exempla
1473 2851 1643 2916 profert
1659 2849 1912 2899 Martenius
1937 2852 2028 2900 loc.
2064 2853 2166 2913 cit.‚
2189 2868 2249 2901 ex

1232 2932 1402 2999 quibus
1439 2930 1662 2982 refellitur
1695 2949 1819 2981 error
1856 2930 2120 2981 Graecorum
2140 2968 2154 2993 ,
2193 2947 2249 2980 ac

1232 3016 1508 3063 nominatim
1537 3014 1767 3064 Simeonis
1798 3014 2237 3073 Thessalonicensis,

1233 3099 1315 3163 qui
1350 3099 1531 3145 irritum
1564 3097 1735 3145 habent
1780 3095 2126 3145 Sacramentum
2153 3095 2243 3143 hoc

1233 3179 1598 3227 administratum
1613 3178 1672 3227 ab
1685 3180 1822 3227 unico
1842 3175 2100 3226 Sacerdote.
2118 3175 2244 3224 Con-

1235 3260 1435 3308 tendunt
1455 3263 1599 3322 enim,
1619 3262 1678 3310 ad
1697 3261 1851 3308 minus
1877 3267 1966 3305 tres
1980 3255 2245 3306 Sacerdotes

1235 3343 1407 3409 requiri
1424 3343 1482 3392 ad
1507 3344 1654 3393 valide
1673 3339 2001 3392 conferendam
2029 3339 2243 3386 infirmo-

1237 3441 1344 3473 rum
1370 3427 1655 3476 unctionem.
1671 3423 1762 3472 Sed
1783 3422 1869 3471 cfr.
1900 3418 2118 3470 adversus
2139 3435 2216 3468 eos
2230 3454 2245 3478 ‚

1236 3524 1340 3575 quae
1369 3507 1527 3557 scribit
1556 3505 1783 3555 Arcadius
1830 3521 1908 3569 op.
1955 3505 2036 3553 cit.
2071 3502 2158 3551 lib.
2192 3518 2244 3556 v,

1237 3608 1339 3655 cap.
1361 3587 1414 3638 6.
