2612 4146
339 171 420 233 52
863 196 1186 235 'mammos
1231 193 1300 231 ne
1345 194 1608 233 BXTREMA
1653 196 1961 237 unc‘rmmz.

338 337 651 420 promissio
676 358 748 396 ex
773 338 898 418 ipsa
929 335 1046 410 rei,
1075 335 1150 393 de
1181 355 1295 416 qua
1329 334 1789 414 agitursnatura
1818 340 1903 399 illi
1931 340 2071 398 ritui
2098 340 2288 400 inesse
2312 341 2486 402 intel-

338 433 602 513 liguntur
622 479 638 508 7
677 452 810 491 cum
838 430 940 488 Dei
978 428 1157 488 solius
1188 430 1264 488 sit
1290 432 1374 490 rei
1401 442 1605 492 creatae
1630 446 1805 516 atque
1842 434 2107 496 sensibili
2139 437 2260 496 vim
2289 439 2487 518 gratiae

341 527 716 589 conferendae
749 525 1031 585 tribuere.
1078 526 1255 607 Atqui
1290 527 1628 587 Extremam
1671 531 2027 593 Unctionem
2066 533 2314 612 gratiam
2353 556 2492 594 con·

339 627 494 685 ferre
515 626 930 684 demonstrant
953 644 1019 682 ea
1052 622 1229 681 verba
1254 646 1266 680 :
1303 625 1389 684 Et
1409 629 1468 682 si
1487 628 1557 683 in
1573 633 1837 705 peccatis
1863 634 1967 698 sit,
1990 635 2377 689 remittentur
2401 634 2462 689 ei
2472 653 2496 698 ,·

341 744 534 803 neque
566 719 730 779 enim
766 730 1003 799 peccata
1046 720 1269 779 remitti
1299 732 1547 802 possunt
1590 721 1811 804 absque
1844 722 2062 785 divinae
2089 727 2288 805 gratiae
2319 725 2489 786 colla-

341 819 520 876 tione.
567 817 742 896 Ergo,

423 913 479 972 6.
527 914 744 971 Sensus
790 923 990 972 autem
1039 911 1430 972 traditionalis
1478 926 1800 996 perpetuus
1853 925 1914 975 et
1947 926 2220 976 constans
2256 917 2497 978 adducti

338 1013 373 1071 J
379 1008 592 1068 acobaei
616 1008 937 1068 testimonii
958 1030 1087 1067 rem
1110 1008 1287 1091 plane
1314 1011 1570 1070 conficit.
1597 1011 1878 1092 Origenes
1903 1011 2063 1071 enim
2083 1058 2099 1088 ,
2120 1013 2304 1074 Hom.
2326 1016 2409 1075 II
2425 1019 2495 1074 in

340 1107 527 1166 Levit.
558 1115 874 1187 postquam
903 1105 1020 1185 egit
1047 1105 1121 1164 de
1144 1106 1522 1166 Sacramento
1542 1107 1912 1167 Poenitentiae
1932 1154 1947 1183 ‚
1977 1108 2103 1168 haec
2131 1108 2206 1169 de
2225 1111 2498 1171 Extrema

341 1202 632 1261 Unctione
670 1212 957 1283 tanquam
999 1199 1073 1260 de
1106 1222 1171 1260 re
1206 1201 1510 1262 notissima
1551 1214 1611 1263 et
1649 1201 1723 1262 ab
1770 1203 2045 1262 omnibus
2081 1217 2316 1288 accepta
2356 1205 2500 1266 sub-

333 1298 464 1378 Jicit
492 1320 507 1356 ι
551 1297 632 1358 In
663 1318 780 1376 quo
811 1298 1106 1376 impletur
1132 1308 1189 1355 et
1222 1285 1412 1368 illud,
1447 1299 1613 1379 quod
1642 1300 1911 1359 Jacobus
1944 1300 2261 1380 Apostolus
2297 1301 2452 1363 dicit
2478 1328 2499 1362 .-

343 1396 419 1453 Si
450 1397 590 1473 quis
629 1403 831 1451 autem
869 1394 1270 1473 infirmatur,
1316 1393 1474 1454 vocet
1511 1395 1897 1476 Presbyteros
1936 1396 2221 1456 Eeclesioe
2243 1441 2268 1471 ‚
2302 1410 2359 1457 et
2389 1403 2503 1458 im-

339 1499 578 1570 ponant
597 1493 657 1547 ei
678 1510 931 1559 manus,
954 1499 1237 1570 ienyentes
1258 1511 1398 1548 eum
1421 1492 1539 1550 oleo
1567 1495 1638 1550 in
1663 1498 1907 1551 nomine
1925 1493 2208 1564 Domini,
2232 1506 2290 1553 et
2309 1499 2501 1554 oratio

338 1587 492 1665 fidei
501 1586 766 1644 salvabit
777 1588 1098 1666 infirmum
1111 1633 1127 1655 ,
1140 1596 1198 1644 et
1218 1592 1278 1645 si
1295 1590 1366 1645 in
1382 1591 1645 1667 peccatis
1653 1590 1879 1667 fuerit,
1899 1594 2289 1648 remittentur
2308 1593 2366 1649 ei
2384 1590 2499 1672 (l).

355 1683 552 1743 Victor
576 1680 974 1741 Antiochenus
998 1726 1014 1756 ,
1048 1681 1150 1763 qui
1179 1682 1332 1742 circa
1369 1684 1405 1742 J
1409 1682 1590 1742 uliani
1622 1683 1999 1766 imperatoris
2028 1694 2266 1745 aetatem
2290 1685 2504 1746 vixisse

355 1778 616 1838 creditur
644 1777 734 1859 (2)
753 1823 768 1853 ‚
801 1779 865 1836 in
895 1788 1071 1860 caput
1098 1778 1171 1835 VI
1200 1778 1378 1838 Marci
1409 1778 1611 1838 scribit
1639 1801 1653 1838 :
1698 1780 1990 1850 Interim,
2021 1802 2155 1860 quoe
2187 1782 2504 1862 Apostolus

350 1876 621 1935 Jaeohus
658 1880 730 1933 in
754 1897 868 1933 sua
890 1878 1188 1933 canonica
1221 1885 1484 1948 narrat,
1524 1876 1604 1933 ab
1629 1876 1725 1935 leis
1751 1897 1872 1935 non
1907 1877 2312 1952 dissentiunt,
2347 1882 2504 1937 seri-

356 1973 449 2030 hit
480 1975 645 2030 enim
673 1997 688 2030 .·
723 1971 1101 2050 Infirmatur
1133 1976 1273 2050 quis
1303 1975 1369 2029 in
1403 1973 1602 2045 vohis,
1639 1983 1743 2031 etc.
1790 1972 1903 2053 (3).
1946 1973 2001 2032 S.
2042 1975 2219 2032 Joan.
2261 1972 2510 2055 Chryso-

356 2080 615 2143 stomuS‚
659 2070 746 2127 De
786 2069 1166 2139 Sacerdotio,
1207 2066 1314 2125 lib.
1363 2068 1479 2142 ΙΙΙ,
1526 2079 1727 2150 aperte
1780 2067 1981 2127 scribit
2023 2091 2037 2128 ι
2090 2069 2300 2149 Neque
2339 2075 2505 2130 enim

356 2175 600 2222 tantum·
656 2185 798 2222 cum
857 2185 960 2222 nos
1016 2173 1373 2243 r'eyenerant
1425 2164 1448 2241 (
1473 2163 1813 2223 Sacerdotes
1844 2166 1867 2244 )
1897 2209 1912 2238 .,
1979 2166 2084 2223 sed
2137 2169 2321 2224 etiam
2366 2177 2507 2245 post

359 2263 869 2341 regenerationem
909 2260 1182 2317 admissa
1207 2267 1459 2337 peecata
1498 2259 1836 2317 condonare
1861 2269 2140 2338 possunt.
2187 2259 2357 2318 Nam
2402 2266 2506 2320 in-

350 2357 654 2435 firmatur
666 2399 687 2428 ,
718 2360 927 2435 inquit
955 2353 1381 2437 (Apostolus),
1428 2358 1566 2434 quis
1599 2357 1667 2418 in
1713 2353 1920 2413 vohis?
1947 2355 2207 2414 Advooet
2238 2356 2510 2437 Presby-

362 2464 512 2512 teros
559 2452 845 2512 Ecclesioe
861 2494 882 2524 ,
929 2461 982 2509 et
1033 2461 1199 2509 orent
1237 2471 1424 2531 super
1469 2471 1532 2509 eo
1547 2494 1571 2523 ,
1619 2461 1906 2531 ungentes
1952 2449 2061 2531 (4).
2107 2451 2288 2532 Loqui
2331 2474 2508 2534 porro

439 2709 501 2771 (1)
539 2706 734 2757 Homil.
778 2725 814 2755 11
850 2709 909 2755 in
938 2706 1098 2755 Levit.
1133 2725 1186 2761 n.
1215 2705 1250 2771 4
1281 2705 1396 2757 edit.
1484 2705 1557 2754 En
1575 2707 1675 2772 ejus
1698 2704 1864 2765 verba,
1892 2722 1994 2770 pag.
2020 2721 2037 2752 1
2061 2722 2076 2753 ε
2103 2703 2509 2771 Quandoquidem

368 2788 523 2839 Maur.
555 2788 738 2838 Claruit
767 2807 902 2854 porro
924 2787 1146 2852 Origenes
1171 2807 1320 2855 usque
1338 2790 1399 2838 ad
1477 2786 1714 2854 permulti
1727 2788 1784 2834 in
1804 2785 2036 2836 Matthaei
2046 2793 2091 2833 et
2108 2787 2342 2847 Ioannis,
2356 2788 2513 2851 pauci

375 2891 557 2923 annum
596 2872 717 2922 230.
1484 2886 1591 2917 vero
1621 2869 1677 2916 in
1705 2868 1856 2915 Lucae
1871 2903 1887 2926 ‚
1922 2865 2052 2915 nulli
2089 2876 2252 2915 autem
2278 2870 2476 2917 ommno
2492 2906 2509 2931 ‚

441 2955 506 3020 (2)
526 2954 655 3004 Obiit
671 2972 795 3004 anno
811 2951 903 3018 441
917 2990 928 3001 .
942 2951 1038 3001 Csr.
1054 2953 1230 3002 Praefat.
1244 2952 1400 3001 Theo·
1485 2960 1538 2999 ut
1559 2949 1777 3015 equidem
1802 2949 2015 2997 arbitror
2031 2987 2044 3010 ,
2073 2951 2131 2997 in
2150 2949 2318 2998 Marci
2331 2949 2384 2997 E
2386 2968 2508 3000 van-

374 3040 477 3088 dori
511 3038 690 3088 Peltani
731 3035 776 3085 S.
809 3036 855 3086 J.
876 3039 926 3084 in
969 3054 1103 3084 suam
1139 3036 1400 3085 versionem
1484 3032 1664 3098 qelium
1688 3032 2228 3097 scripserunt...visum
2259 3041 2327 3080 est
2352 3034 2508 3098 mihi,

374 3122 576 3171 Victoris
606 3120 885 3169 Antiocheni
921 3129 966 3168 et
991 3118 1083 3167 Titi
1111 3118 1363 3167 Bostrensis
1380 3151 1397 3179 ,
1485 3131 1594 3181 quae
1623 3113 1859 3161 Ecclesiae
1888 3113 2096 3162 doctores
2116 3117 2325 3180 sparsim
2355 3124 2400 3164 et
2426 3133 2514 3181 per

378 3204 648 3270 Ingolstadii
674 3200 820 3252 1580.
1479 3206 1646 3264 partes
1675 3197 1733 3243 in
1738 3205 2025 3263 proesentem
2049 3195 2094 3244 E
2096 3198 2412 3262 vanqelistam
2427 3215 2513 3248 an-

446 3287 514 3353 (3)
554 3288 679 3336 Edit.
715 3288 789 3335 cit.
826 3301 929 3351 pag.
951 3298 1036 3350 9¹·
1073 3282 1141 3332 Eo
1169 3283 1314 3350 pluris
1333 3282 1404 3331 fa·
1488 3287 1748 3338 notarunt,
1785 3279 1842 3326 in
1871 3295 2027 3326 unum
2067 3282 2212 3344 quasi
2238 3297 2410 3348 corpus
2436 3297 2513 3328 re·-

315 3410 332 3422 .
378 3371 541 3420 cienda
568 3381 636 3419 est
658 3370 911 3419 auctoritas
931 3366 1130 3415 Victoris
1146 3365 1405 3431 presbyteri
1490 3362 1682 3427 diqere,
1712 3362 2101 3426 succinctamque
2136 3364 2194 3409 in
2234 3363 2321 3411 hoc
2351 3365 2515 3430 ipsum

381 3453 660 3504 Antiocheni
679 3490 691 3512 ‚
711 3451 837 3519 quod
854 3453 953 3516 ipse
968 3448 1260 3516 profiteatur,
1287 3448 1407 3495 sein
1489 3462 1673 3511 quoque
1734 3443 2061 3510 Evanqelium
2126 3446 2515 3513 explanationem

380 3553 531 3584 unum
562 3535 801 3600 collegisse
824 3536 875 3582 in
916 3533 1007 3582 hoc
1047 3549 1132 3581 suo
1163 3547 1406 3580 commen·
1487 3527 1806 3577 conscribere.

380 3620 496 3667 tario
525 3620 575 3665 in
612 3616 917 3679 Evangelium
947 3614 1000 3665 S.
1028 3614 1174 3663 Marci
1199 3628 1305 3680 quae
1342 3611 1401 3660 ab
1565 3608 1636 3675 (4)
1689 3611 1755 3659 Ου’
1795 3605 1887 3677 γάρ
1934 3607 2035 3659 ὅταν
2081 3612 2203 3674 >inis
2253 3611 2517 3670 οἶνοιγεννόσι

377 3698 687 3751 anterioribus
708 3696 1009 3763 scriptoribus
1030 3699 1199 3763 scripta
1214 3696 1399 3761 reperit.
1483 3691 1611 3758 μένον
1630 3732 1644 3757 ,
1676 3690 1806 3743 άλληὲ
1847 3690 1923 3742 καὶ
1969 3690 2029 3744 πὶ
2064 3691 2189 3758 ματ-α’
2220 3697 2367 3742 ταῦτα
2405 3716 2519 3753 α-υγ-
