2508 4120
2064 211 2184 270 155

552 238 675 276 CAP.
723 236 779 277 V.
822 237 893 275 DE
935 235 1220 275 GAELIBATU
1262 232 1604 274 EGGLESIAST.
1653 231 1773 271 mc.

89 380 232 440 inire
260 378 588 457 conjugium
619 376 734 457 (1);
765 377 828 435 in
850 375 1101 435 Concilio
1124 386 1318 434 autem
1342 385 1625 434 statutum
1651 383 1883 432 tantum
1902 381 2019 448 est,
2050 394 2187 432 con-

78 475 232 554 jugia
255 478 376 551 jam
405 483 697 531 contracta
731 483 865 530 ante
901 471 1343 530 Ordinationem
1370 481 1490 529 non
1513 490 1635 527 esse
1669 466 2035 529 dissolvenda
2071 467 2182 549 (2).

89 573 171 630 Ex
192 570 374 630 veteri
398 570 633 650 insuper
663 568 974 626 traditione
998 565 1326 639 descendit,
1351 565 1580 624 clericos
1607 564 1832 624 caelibes
1859 586 2039 624 novas
2063 586 2186 623 non

84 686 253 746 posse
309 663 596 723 celebrare
644 663 878 743 nuptias
898 707 914 736 7
963 672 1339 742 posteaquam
1385 660 1558 717 sacris
1604 660 1820 718 fuerint
1869 659 2187 718 Ordinibus

86 759 300 817 initiati
325 783 342 832 ς
386 758 749 841 11311631116111
780 756 966 836 legem
991 754 1411 815 oecumenicum
1435 754 1624 811 sanxit
1647 753 1988 813 Concilium.
2022 757 2189 814 Patet

92 854 344 934 denique
364 897 380 927 ‚
402 875 616 911 novam
637 853 826 912 vocari
840 852 1025 930 legem
1044 894 1061 925 ,
1080 848 1152 908 de
1180 870 1293 930 qua
1318 847 1697 930 proponenda
1725 848 1999 928 agebatur
2016 895 2033 924 ,
2066 846 2211 909 non¹

86 951 376 1018 absolute,
415 948 516 1006 sed
557 950 831 1015 relative,
871 965 1083 1026 nempe
1121 943 1196 1002 ad
1235 943 1506 1003 Ecclesias
1555 943 1898 1018 orientalesr,
1949 966 2082 1004 cum
2121 966 2189 1004 ea

80 1044 305 1121 jamdiu
328 1045 546 1123 vigeret
571 1044 631 1100 in
651 1041 895 1106 Ecclesia
917 1043 1177 1100 Romana
1199 1085 1214 1113 ,
1251 1039 1369 1096 imo
1406 1039 1467 1096 in
1493 1050 1614 1097 tota
1645 1038 1886 1098 Ecclesia
1917 1039 2189 1099 occiden-

88 1139 190 1197 tali
210 1183 225 1212 .,
254 1159 384 1219 quae,
397 1141 460 1196 in
484 1158 587 1196 suo
608 1137 874 1195 instituto
897 1135 1234 1217 permansit.
1267 1134 1538 1193 Ceterum
1565 1131 1701 1193 licet
1727 1133 2067 1193 universalis
2093 1134 2194 1194 lex

91 1233 163 1292 de
181 1235 434 1314 perfecta
455 1231 810 1313 continentia
825 1252 945 1289 non
960 1230 1134 1289 fuerit
1150 1251 1181 1287 a
1207 1228 1439 1309 Synodo
1466 1230 1695 1288 Nicaena
1714 1229 1929 1289 sancita
1949 1273 1965 1303 .,
1992 1228 2193 1311 plures

89 1339 287 1387 tamen
323 1326 588 1407 Episcopi
635 1325 711 1383 ad
755 1347 885 1384 suas
936 1324 1209 1384 dioeceses
1254 1344 1327 1383 ex
1384 1324 1637 1383 Concilio
1685 1323 1924 1384 reduces
1984 1323 2186 1384 edixe-

89 1434 232 1480 runt
250 1465 266 1495 ,
290 1431 352 1478 ut
375 1420 561 1479 clerici
582 1424 828 1498 majores
850 1421 1030 1481 vitam
1052 1420 1302 1501 perfecte
1328 1420 1726 1480 continentem
1739 1430 1994 1499 agerent.
2030 1420 2198 1478 Hanc

92 1516 278 1594 legem
316 1513 452 1573 tulit
477 1516 807 1596 servarique
829 1515 999 1592 jussit
1028 1516 1089 1571 in
1127 1515 1400 1575 universo
1425 1535 1526 1572 suo
1553 1514 1911 1574 Antiocheno
1941 1514 2192 1596 patriar-

90 1609 263 1668 chatu
295 1610 352 1667 S.
385 1610 713 1683 Eustatius3
754 1611 832 1667 ita
863 1628 1094 1690 quoque
1131 1629 1191 1667 se
1225 1609 1397 1687 gessit
1425 1611 1484 1667 S.
1516 1608 1840 1668 Alexander
1865 1607 2194 1689 patriarcha

90 1704 509 1763 Alexandrinus
543 1703 733 1785 quoad
766 1704 1103 1762 universum
1143 1705 1489 1785 AEgyptum‚
1536 1704 1802 1784 quamvis
1843 1702 2197 1763 contrariam

92 1799 317 1858 tulisset
344 1801 694 1858 sententiam
717 1798 1077 1879 Paphnutius
1101 1799 1163 1856 in
1189 1801 1420 1858 Nicaena
1451 1798 1681 1878 Synodo
1706 1798 1815 1880 (3).

178 1893 313 1951 165.
364 1894 451 1952 Ad
479 1893 591 1968 4¹1¹,
618 1896 776 1953 Dz'st.
811 1895 875 1951 ln
904 1893 1148 1952 Ecclesia
1185 1894 1383 1951 Latina
1413 1914 1513 1951 seu
1537 1892 1875 1951 occidentali
1896 1937 1912 1967 ‚
1942 1915 2070 1973 neq.
2088 1917 2110 1959 ,·
2136 1893 2198 1949 in

95 1987 397 2060 Orientali,
419 1990 590 2047 subd.
612 1990 937 2069 Antequam
956 1987 1229 2069 peculiari
1248 1989 1543 2046 sanctione
1558 1988 1799 2066 integroe
1822 1988 2198 2048 continentiae

93 2083 187 2142 lex
225 2085 533 2142 constituta
565 2084 793 2159 fuisset,
832 2094 1021 2142 tra-ns.
1048 2103 1069 2151 ,·
1102 2083 1209 2141 hac
1241 2082 1365 2161 lege
1405 2083 1752 2154 constituta,
1792 2105 1924 2162 noy.
1954 2070 2198 2142 Nullum

96 2177 429 2258 exemplum
449 2222 464 2252 ‚
484 2189 550 2236 ut
562 2177 737 2259 paulo
756 2189 892 2236 ante
906 2177 1311 2237 adnotavimus
1330 2221 1345 2250 ‚
1375 2177 1636 2258 suppetit
1654 2177 1715 2234 in
1737 2176 1980 2236 Ecclesia
1994 2178 2198 2236 Latina

168 2395 233 2458 (l)
271 2394 389 2443 Nam
413 2394 664 2456 Lutherus‚
695 2394 914 2444 Sacerdos
931 2405 975 2444 et
999 2401 1107 2443 voto

100 2488 310 2541 praeterea
337 2477 581 2525 obstrictus
598 2516 612 2537 .,
645 2478 1043 2526 sanctimonialem
1059 2479 1109 2524 in

99 2575 286 2606 uxorem
305 2558 436 2606 duxit
458 2558 713 2619 3Calvinus
733 2561 901 2624 pariter
918 2561 1074 2621 etipse
1088 2591 1105 2618 ,

96 2638 206 2687 licet
223 2639 442 2686 diaconus
457 2674 470 2694 ,
490 2641 701 2704 conjugio
725 2638 964 2702 copulatus
991 2648 1074 2685 est.

168 2720 233 2783 (2)
258 2717 546 2785 quuejuxta
565 2719 682 2768 Can.
706 2720 1011 2784 apostolicum
1035 2736 1102 2778 vt,
1134 2735 1137 2738 ·

100 2805 181 2868 qui
217 2805 281 2849 sic
309 2819 358 2850 se
388 2802 527 2851 habet
547 2801 853 2868 :Episcopus
874 2810 960 2850 aut
969 2818 1106 2866 pres·

101 2886 233 2950 byter
267 2887 521 2951 propriam
564 2903 758 2934 uxorem
814 2902 1111 2950 nequaquam

106 2967 193 3015 sub
221 2966 464 3030 relegionis
487 2968 596 3031 (seu
615 2970 848 3016 servandae
865 2968 1109 3031 castitatis)

105 3057 337 3113 praetextu
378 3050 612 3116 abjiciat;
653 3054 700 3099 ci
745 3068 851 3100 vero
890 3054 1110 3117 ejecerit,

111 3133 562 3180 excommunicetur.
592 3132 761 3180 Verum
792 3171 803 3192 ,
832 3135 1113 3194 utanimad-

112 3213 248 3258 vertit
287 3211 473 3276 Lupus,
503 3215 612 3263 diss.
652 3218 732 3263 cit.
782 3230 882 3279 cap.
933 3231 961 3262 2
985 3252 999 3275 ‚
1039 3217 1116 3264 hic

111 3310 259 3340 canon
284 3295 425 3357 viguit
446 3313 526 3359 pro
556 3298 659 3346 solis
689 3297 904 3346 Ecclesiis
921 3300 1117 3347 orienta-

110 3374 231 3421 libus
252 3410 266 3433 ‚
311 3391 551 3441 nunquam
585 3396 692 3427 vero
737 3381 832 3427 vim
865 3377 1031 3427 habuit
1067 3382 1118 3429 in

110 3456 311 3504 Ecclesia
361 3458 658 3522 occidentali,
694 3476 798 3526 quae
849 3477 902 3508 ex
951 3460 1052 3524 lege
1093 3480 1119 3510 a

109 3537 297 3585 S.Petro
314 3538 401 3585 lata
419 3553 594 3604 semper
605 3542 787 3606 plenam
806 3544 996 3590 servavit
1011 3559 1121 3591 con-

112 3622 364 3668 tinentiam
381 3657 394 3678 ‚
417 3622 491 3668 cui
506 3620 594 3686 legi
609 3632 731 3671 certe
742 3623 954 3684 refragari
969 3624 1122 3672 noluit

116 3699 331 3766 Synodus
355 3702 558 3751 Nicaena.
590 3701 680 3752 Sed
703 3703 789 3753 cfr.
815 3704 937 3753 idem
955 3715 1127 3754 auctor·

1265 2393 1331 2458 (3)
1368 2393 1467 2442 Cfr.
1495 2394 1657 2459 Lupus
1687 2395 1874 2444 loc.cit.
1899 2394 2124 2443 Nonnulli
2150 2398 2204 2445 in

1193 2475 1391 2523 dubium
1416 2486 1686 2524 revocarunt
1700 2477 1823 2523 hane
1839 2477 2095 2526 historiam.
2118 2476 2201 2525 Ast

1193 2573 1460 2619 perperam3
1495 2561 1663 2605 etenim
1695 2568 1860 2621 praeter
1882 2559 2202 2605 auctoritatem

1195 2636 1395 2684 Socratis
1425 2648 1467 2685 et
1507 2637 1751 2686 Sozomeni
1777 2676 1792 2695 ,
1846 2641 1945 2705 ejus
1987 2640 2204 2688 meminit

1195 2715 1244 2764 S.
1278 2717 1569 2779 AmbrosiuS,
1606 2719 1768 2786 Epist.
1806 2738 1914 2768 Lxm
1937 2720 2003 2768 ad
2029 2720 2203 2770 Eccle-

1195 2799 1320 2846 siam
1358 2797 1415 2845 V
1412 2799 1566 2849 ercell.
1588 2819 1639 2849 n.
1673 2799 1760 2865 64,
1788 2803 1902 2851 edit.
1931 2803 2087 2851 Maur.
2118 2821 2207 2853 nec

1197 2897 1292 2927 non
1324 2880 1536 2947 Synodus
1564 2883 1837 2949 Gangrensis
1852 2918 1870 2948 ,
1909 2903 2008 2951 quae
2024 2886 2080 2933 ad
2102 2903 2204 2935 eam

1195 2978 1352 3031 aperte
1385 2967 1584 3028 alludit,
1621 2987 1722 3017 can.
1753 2986 1817 3018 iv.
1845 2968 2080 3018 Sententia
2117 2970 2206 3018 Pa-

1197 3049 1383 3114 phnutii
1402 3059 1556 3113 postea
1571 3049 1667 3114 lege
1689 3052 1826 3098 etiam
1849 3050 2073 3115 imperiali
2091 3065 2204 3097 con-

1197 3122 1375 3178 firmata
1404 3141 1500 3190 est,
1540 3148 1644 3197 quae
1677 3140 1801 3181 extat
1839 3131 1921 3180 lib.
1952 3149 2046 3192 xvi,
2077 3131 2205 3181 Cod.

1209 3211 1537 3260 Theodosiana·
1557 3250 1570 3272 ‚
1598 3214 1687 3278 leg.
1724 3231 1844 3273 xmv,
1863 3213 1937 3261 De
1949 3212 2207 3280 Episcopis

1202 3302 1244 3341 et
1281 3294 1600 3358 Presbyteris.
1630 3297 1728 3344 Cfr.
1754 3307 1905 3344 tamen
1923 3296 2129 3346 Valesius
2155 3301 2207 3347 in

1202 3391 1308 3441 cap.
1337 3393 1353 3423 ι
1371 3393 1387 3423 1
1400 3377 1504 3436 ‚lib.
1522 3394 1538 3424 1
1551 3377 1744 3426 Socratis
1766 3396 1781 3441 3
1803 3378 2025 3439 Zaccaria,
2040 3377 2206 3429 Storia

1197 3461 1441 3525 polemico
1482 3460 1559 3508 del
1597 3458 1794 3509 celibato
1829 3477 1982 3520 sacro,
2021 3461 2106 3512 lib.
2147 3480 2165 3510 1
2188 3500 2202 3524 ‚

1204 3561 1312 3610 cap.
1335 3543 1388 3606 5,
1407 3545 1551 3593 Roma
1573 3540 1719 3607 1774.
