2508 4120
287 125 404 186 142
1001 149 1321 187 numurus
1364 152 1432 188 nn
1475 150 1704 191 Onnum.

1148 275 1578 348 puorosmo.

281 450 575 529 Episcopi
611 446 834 504 hahent
863 456 1206 526 potestatem
1246 449 1588 508 ordinandi
1598 495 1612 515 ,
1645 473 1780 531 quoe
1824 475 1944 512 non
1987 464 2070 512 est
2109 455 2229 513 illis
2270 476 2413 514 cum

960 543 1337 623 Presbyteris
1379 552 1735 606 communia.

365 759 503 820 138.
551 762 634 818 De
664 757 778 817 fide
810 770 899 817 est
932 769 1132 816 nostra
1158 760 1495 840 propositio,
1529 761 1667 819 Eam
1702 761 1861 820 enim
1897 761 2249 824 definierunt
2284 766 2414 824 Tri-

279 857 513 918 dentini
544 858 769 930 PatreS,
803 876 942 914 sess⁸
972 856 1184 929 XXIII,
1211 877 1339 913 can.
1369 857 1492 931 Vll,
1525 856 1616 915 his
1649 856 1840 917 verbis
1872 879 1886 915 t
1916 860 1988 916 Si
2008 865 2143 938 quis
2171 862 2415 932 dixerit,

279 957 340 1016 E
337 959 669 1037 piscop08...
692 974 813 1012 non
838 953 1054 1011 habere
1076 964 1492 1031 potestatem...
1529 955 1896 1025 ordinandi,
1921 958 2009 1014 vel
2030 979 2163 1015 eam
2179 1002 2198 1029 ,
2228 980 2413 1038 quam

278 1054 538 1123 hahent,
579 1052 703 1109 illis
741 1071 859 1109 esse
900 1070 1041 1107 cum
1077 1050 1454 1128 Presbyterz's
1495 1071 1871 1110 communem
1889 1096 1911 1124 ,
1960 1053 2284 1112 anathema
2312 1059 2409 1114 sit.

281 1150 438 1207 Duas
456 1158 654 1230 partes
676 1144 858 1204 habet
887 1145 1211 1226 propositio
1231 1191 1246 1220 ,
1272 1167 1520 1227 quarum
1539 1146 1720 1207 altera
1746 1160 1834 1207 est
1858 1149 2167 1230 Episcopos
2197 1149 2415 1210 habere

281 1256 638 1328 potestatem
666 1241 982 1302 ordinandi
1000 1286 1017 1318 7
1048 1241 1230 1302 altera
1254 1265 1392 1304 vero
1417 1255 1506 1302 est
1538 1243 1702 1302 illam
1721 1290 1737 1319 ,
1772 1267 1951 1326 quam
1980 1244 2204 1304 habent
2227 1258 2418 1327 potes·

280 1354 493 1415 tatem,
518 1362 639 1398 non
664 1360 787 1398 esse
811 1338 922 1397 illis
953 1359 1086 1396 cum
1109 1337 1462 1419 presbyteris
1479 1360 1876 1399 communem.
1904 1341 2223 1423 Utramque
2242 1363 2414 1424 porro

280 1437 456 1498 simul
482 1436 839 1496 adstruimus
858 1481 874 1512 ‚
904 1457 1038 1495 cum
1071 1434 1445 1517 probationes
1474 1437 1707 1518 utrique
1739 1458 2079 1496 communes
2106 1439 2244 1496 sint.

366 1535 506 1595 139.
554 1534 853 1616 Scriptura
876 1578 891 1606 ,
930 1532 1169 1591 traditio
1190 1577 1205 1606 7
1232 1544 1515 1614 perpetua
1549 1532 1811 1591 Ecclesiae
1839 1534 2032 1614 praxis
2060 1545 2119 1591 et
2148 1532 2414 1591 omnium

281 1633 666 1714 antiquarum
720 1630 1210 1689 communionum
1269 1651 1370 1687 seu
1425 1640 1717 1691 sectarum
1778 1649 2096 1688 consensus
2153 1651 2261 1710 pro
2311 1651 2414 1687 as-

280 1729 548 1789 sertionis
587 1739 801 1805 nostrae
841 1726 1089 1787 veritate
1124 1723 1497 1784 ineluctabile
1545 1746 1780 1804 prorsus
1820 1724 2204 1805 suppeditant
2247 1746 2415 1804 argu-

281 1835 572 1884 mentum.
598 1823 864 1883 Christus
889 1821 1050 1880 enim
1074 1821 1135 1878 in
1154 1821 1357 1901 primis
1379 1820 1650 1879 Sacerdos
1670 1841 1935 1878 summus
1959 1819 2259 1902 Apostolos
2282 1842 2414 1879 suos

282 1920 620 1980 Sacerdotes
658 1918 936 1977 instituit.
979 1916 1207 1976 Deinde
1250 1927 1479 1998 septem
1514 1916 1742 1975 diaconi
1770 1938 1803 1973 a
1842 1914 2222 1974 multitudine
2247 1915 2414 1975 electi

279 2041 309 2077 a
362 2017 497 2076 solis
547 2014 837 2099 Apostolis
899 2013 1254 2073 ordinantur
1285 2058 1301 2088 7
1359 2014 1485 2072 Act.
1545 2013 1638 2070 Vl.
1698 2010 1902 2070 Saulus
1953 2023 2013 2071 et
2068 2010 2360 2071 Barnabas
2393 2057 2410 2086 .,

280 2114 423 2173 ibid.
457 2114 586 2172 XIV
609 2158 625 2187 ,
668 2111 1046 2190 presbyteros
1071 2132 1175 2192 per
1202 2108 1481 2168 Ecclesias
1505 2108 1892 2168 constituunt.
1937 2109 2100 2187 Idem
2131 2119 2411 2189 praeterea

278 2209 524 2286 Paulu8‚
552 2212 576 2267 Ι
598 2208 674 2267 ad
699 2206 956 2266 Timoth.
994 2208 1067 2264 IV
1099 2217 1157 2264 et
1189 2207 1239 2263 ΙΙ
1266 2204 1341 2263 ad
1361 2204 1712 2280 eumdeml‚
1742 2215 2010 2277 testatur,
2036 2204 2408 2285 impositione

278 2327 564 2365 manuum
587 2325 832 2363 suarum
866 2301 1241 2360 Timotheum
1283 2300 1620 2360 ordinatum
1657 2302 1848 2360 fuisse.
1884 2301 2149 2382 Denique
2186 2322 2324 2360 vero
2350 2311 2408 2359 et

280 2402 587 2462 Timotheo
613 2445 629 2474 ,
661 2401 685 2458 Ι
722 2399 892 2480 epist.
933 2399 1011 2456 ΙΙΙ
1041 2441 1057 2470 ,
1090 2408 1149 2456 et
1179 2397 1338 2471 Tito,
1382 2398 1443 2471 Ι,
1485 2395 1520 2453 5
1540 2442 1557 2470 7
1594 2396 1753 2456 idem
1782 2396 2089 2478 Apostolus
2128 2398 2407 2471 mandat,

276 2498 489 2581 quibus
527 2496 785 2557 debeant
815 2494 1123 2576 imponere
1154 2514 1361 2551 manus
1401 2504 1459 2551 et
1497 2491 1744 2552 Ordines
1775 2492 2058 2551 conferre.

364 2595 499 2654 140.
550 2596 684 2653 Non
714 2592 910 2650 minus
934 2602 1089 2650 certa
1116 2601 1257 2648 sunt
1275 2635 1290 2663 ‚
1318 2609 1447 2671 quae
1478 2610 1550 2647 ex
1574 2589 1885 2648 traditione
1914 2588 2229 2648 habentur.
2264 2591 2412 2649 Con-

278 2691 638 2762 stitutioneS‚
666 2687 1008 2770 Apostolicae
1036 2697 1422 2768 nuncupatae,
1473 2685 1858 2766 praecipiunt,
1900 2695 1963 2742 ut
2007 2685 2319 2766 Episcopus
2375 2706 2407 2743 a

279 2785 507 2847 duobus
549 2784 643 2845 vel
683 2783 871 2843 tribus
911 2783 1205 2864 Episcopis
1252 2781 1557 2840 ordinetur
1585 2826 1599 2853 ,
1650 2780 1955 2862 presbyter
1997 2801 2135 2838 vero
2177 2778 2250 2837 ab
2290 2801 2408 2839 uno

277 2895 510 2947 tantum
542 2881 818 2960 Episcopo
842 2923 857 2952 .,
892 2889 959 2935 ut
979 2876 1255 2936 diaconus
1282 2888 1342 2936 et
1367 2875 1576 2958 reliqui
1599 2875 1788 2934 clerici
1816 2873 1925 2954 (l).
1960 2874 2108 2932 Hinc
2133 2875 2190 2932 S.
2227 2875 2409 2934 Atha-

277 2981 473 3040 nasius
495 2988 889 3037 accusatorem
921 2995 1126 3049 suum,
1178 2973 1490 3046 Ischiram,
1527 2970 1658 3029 ideo
1685 2968 2059 3029 Sacerdotem
2081 2992 2205 3028 non
2234 2970 2407 3031 fuisse

278 3074 595 3159 probabat,
633 3072 768 3154 quia
807 3092 930 3129 non
971 3068 1045 3128 ab
1082 3069 1362 3151 Episcopo
1386 3113 1402 3142 ,
1441 3066 1543 3126 sed
1577 3088 1609 3125 a
1638 3065 1899 3150 simplici·
1922 3066 2231 3126 Sacerdote
2262 3068 2406 3127 Col-

279 3337 408 3386 1vol.
439 3336 564 3385 Paris
601 3333 749 3400 1730.
783 3331 882 3380 Cfr.
911 3340 1124 3396 praeterea
1153 3330 1306 3378 Theo·
1387 3330 1544 3394 plures
1586 3330 1869 3393 antiquiores
1914 3339 2245 3392 praecesserunt
2275 3366 2288 3388 ‚
2336 3331 2404 3376 uti

278 3418 407 3466 doric
429 3419 487 3467 de
511 3417 562 3466 S.
579 3417 707 3466 Rene
721 3451 736 3476 ,
758 3414 793 3462 J
796 3415 1096 3479 ustification
1117 3413 1174 3459 de
1192 3411 1303 3460 I'E-
1390 3410 1655 3477 Hardinyus
1674 3449 1685 3470 ,
1709 3410 1936 3459 Holivood
1950 3448 1965 3473 ‚
1993 3412 2027 3459 F
2030 3410 2297 3474 itz-Simon‚
2314 3420 2401 3458 etc.

276 3499 397 3565 qliae
424 3503 642 3548 romaine
668 3516 755 3548 sur
787 3498 835 3546 la
863 3497 1194 3546 &ordination
1221 3496 1304 3543 des
1458 3495 1520 3559 (l)
1562 3494 1768 3544 Constit.
1814 3494 1987 3561 Apost.
2027 3497 2114 3546 lib.
2147 3512 2263 3557 vm,
2295 3511 2398 3560 cap.

278 3566 818 3648 anqlaisE'piscopauoe,
839 3596 869 3629 2
889 3580 981 3630 vol.
997 3580 1125 3650 Paris
1148 3576 1273 3645 1728
1287 3613 1299 3625 .
1394 3575 1455 3625 16
1490 3589 1534 3628 et
1567 3596 1703 3645 seqq.

282 3666 341 3714 Hi
356 3666 550 3733 quidem
574 3665 792 3715 adversus
813 3664 1151 3732 Gourayerium
1175 3661 1289 3724 3h0s
