2508 4120
301 134 422 194 208

929 148 1247 190 TRACTATUS
1292 152 1360 187 DE
1403 152 1780 192 turnucum.

301 292 825 359 Thessalonicensis
866 291 993 370 (l);
1038 290 1248 373 quibus
1300 292 1658 374 praeiverant
1710 293 2011 374 symbolici
2045 299 2178 364 libri
2216 313 2274 360 et
2307 304 2422 361 Eu—

301 392 557 471 chologia
595 389 703 468 (2).
739 387 909 460 Quod
943 408 1081 447 vero
1105 387 1311 447 eadem
1343 388 1420 446 sit
1458 389 1813 470 Coptorum7
1854 390 2279 472 Jacobitarum‚
2316 399 2423 477 Sy-

300 510 535 559 rorum,
579 483 1063 543 Nestorianorum
1088 530 1103 557 a
1157 483 1688 564 Eutychianorum,
1734 507 1838 546 seu
1884 487 2424 570 Monophysitarum

299 584 476 659 fides,
517 579 789 640 dubitare
827 601 949 638 non
984 580 1291 661 patiuntur
1334 579 1568 662 publica
1605 581 1977 662 euchologia‚
2017 583 2079 641 in
2121 585 2327 666 quibus
2352 589 2425 648 de

298 677 676 740 Matrimonio
717 676 909 755 agitur
934 675 1177 757 perinde
1201 697 1265 734 ac
1296 676 1368 735 de
1392 676 1779 735 sacramentis
1803 676 2039 760 reliquis
2060 724 2076 753 7
2119 680 2203 737 uti
2230 690 2425 741 osten—

299 773 452 834 dunt
484 771 883 832 Renaudotius
926 770 1017 852 (3)
1061 782 1121 831 et
1145 772 1495 831 Assemanus
1521 771 1638 852 (4).

384 868 499 929 l3.-
532 867 688 927 Illud
725 878 1036 950 propterea
1085 867 1242 926 inter
1276 869 1651 927 Sacramenta
1697 890 1870 948 novae
1903 868 2043 951 legis
2084 872 2428 955 ponendum

298 975 420 1041 est,
450 964 611 1048 quod
645 964 800 1023 inter
827 985 918 1023 res
954 984 1142 1022 sacras
1179 963 1369 1023 locum
1399 962 1610 1038 habet,
1654 964 1815 1046 quod
1859 965 2121 1027 Christus
2160 968 2429 1029 benedic-

298 1063 459 1124 tione
480 1107 497 1137 ,
536 1060 847 1121 sanctitate
871 1070 928 1119 et
950 1061 1133 1139 gratia
1160 1061 1496 1136 exornavit,
1527 1059 1686 1140 quod
1712 1080 1845 1122 vere
1879 1073 1939 1120 et
1969 1063 2202 1145 proprie
2226 1066 2430 1125 Sacra·

297 1170 570 1220 mentum
607 1155 973 1239 appellatur,
1018 1154 1177 1237 quod
1217 1154 1463 1214 Ecclesia
1500 1156 1775 1218 universa
1813 1169 2150 1219 constanter
2192 1180 2256 1218 ac
2283 1181 2427 1241 per-

298 1267 477 1339 petuo
506 1256 664 1313 inter
702 1255 1077 1314 Sacramenta
1104 1274 1136 1310 a
1175 1250 1406 1310 Christo
1442 1251 1707 1310 instituta
1738 1254 2009 1329 retinuit3
2044 1276 2177 1314 cum
2202 1256 2316 1316 tale
2355 1257 2432 1316 sit

300 1356 372 1412 ex
394 1354 635 1410 Patrum
662 1348 1011 1408 testimoniis
1034 1358 1093 1407 et
1112 1348 1415 1429 utriusque
1434 1346 1694 1407 Ecclesiae
1716 1350 2047 1410 certissimis
2063 1351 2429 1412 documentis

305 1448 781 1508 Christianorum
816 1444 1149 1525 conjugium
1177 1489 1193 1518 7
1227 1443 1486 1525 profecto
1509 1445 1803 1525 sequitur5
1832 1446 1988 1527 quod
2018 1447 2427 1507 demonstran-—

300 1543 443 1602 dum
484 1542 942 1622 assumpsimus,
989 1560 1206 1620 nempe
1254 1539 1695 1598 Matrimonium
1742 1562 1863 1599 esse
1908 1563 2044 1602 vere
2093 1554 2152 1602 et
2194 1543 2428 1624 proprie

299 1662 488 1699 unum
514 1659 584 1697 ex
605 1648 833 1719 septem
858 1635 1002 1717 legis
1028 1632 1376 1713 evangelicae
1407 1634 1825 1711 SacramentiS,
1859 1657 1891 1694 a
1927 1637 2153 1696 Christo
2177 1638 2426 1698 Domino

299 1736 674 1808 institutum,
708 1742 886 1813 prout
911 1731 1091 1790 etiam
1124 1728 1477 1788 cordatiores
1501 1729 1657 1788 inter
1687 1714 2082 1792 protestantes
2111 1737 2234 1810 jam
2258 1731 2425 1792 nobis

301 1830 458 1889 ultro
493 1828 828 1890 concedunt
861 1825 972 1907 (5).

373 2021 447 2087 (1)
488 2019 623 2086 Apud
650 2017 915 2067 Renaudot.
952 2033 1025 2081 op.
1057 2025 1104 2064 et
1136 2017 1326 2064 loc.cit.

373 2106 440 2169 (ἓ)
479 2105 579 2152 Cfr.
619 2103 743 2167 apud
791 2101 1009 2149 Goarium
1040 2103 1090 2147 in
1131 2098 1327 2148 Euclio-

302 2188 458 2252 loin,
488 2186 571 2234 ubi
602 2188 695 2251 agit
723 2184 781 2232 de
810 2186 901 2230 ritu
926 2181 1214 2246 singulorum
1244 2181 1330 2230 Sa-

303 2261 648 2324 cramentorum
672 2304 686 2326 ‚
719 2267 972 2333 praesertim
1002 2282 1107 2312 vero
1137 2264 1221 2312 ubi
1240 2266 1330 2329 agit

304 2357 363 2405 de
392 2353 696 2403 Matrimonio
725 2349 811 2397 sub
836 2351 910 2396 tit.
936 2343 1008 2395 De
1029 2346 1178 2411 officio
1206 2361 1328 2393 coro·

303 2438 521 2486 nationis
536 2435 821 2500 nuptiarum
840 2467 852 2488 ‚
883 2448 988 2494 pag.
1007 2427 1104 2477 385
1132 2439 1176 2477 et
1194 2446 1325 2495 seqq.

306 2531 353 2569 et
386 2537 435 2585 p.
471 2520 567 2585 397
602 2527 645 2564 ct
681 2533 778 2581 seq.
813 2515 889 2561 cui
921 2512 1119 2560 addatur
1150 2509 1327 2559 Ortho-

305 2601 433 2650 doxa
463 2598 697 2663 consessio
735 2593 909 2644 cathol.
955 2602 998 2642 et
1041 2602 1192 2659 apost.
1225 2592 1329 2641 Ec-

304 2684 461 2733 clesiae
484 2678 735 2730 orientalis
759 2715 772 2738 ‚
804 2675 933 2741 Lips.
965 2674 1111 2742 1695,
1140 2674 1322 2741 Quam,

307 2784 412 2826 cxv,
442 2764 525 2812 ubi
549 2765 770 2829 quaeritur
794 2778 807 2808 :
842 2759 966 2808 Ποῖον
993 2755 1097 2806 εἶναι
1124 2755 1177 2807 τὲ
1205 2755 1328 2807 ἕκτον

285 2835 288 2838 Δ
306 2846 543 2913 μυστήριον
565 2863 579 2908 3
604 2846 881 2909 Ἀποκρισ-ις.
899 2842 949 2889 ‘O
969 2837 1118 2902 τίμιος
1138 2839 1298 2905 ’μῖμος
1314 2879 1327 2902 ,

309 2931 506 2983 ἆόποῖος
554 2924 758 2988 γίνεται,
813 2929 976 2990 xpc-7701*
1017 2918 1099 2985 μὲν
1140 2919 1204 2984 μὲ
1252 2920 1329 2978 τήν

313 3019 373 3068 εἷς
404 3009 633 3067 ἀλλήλους
662 3003 916 3072 συμφωνίαν
952 3010 1031 3054 τοῦ
1061 3002 1215 3071 άνδρᾶς
1252 3003 1329 3054 καὶ

309 3102 392 3154 τῆς
417 3091 686 3157 γυναικδς...
720 3089 892 3157 ὕστερον
925 3086 982 3138 δὲ
1009 3089 1329 3151 ,emmonius-ou,

310 3179 388 3231 καὶ
431 3178 684 3239 εὐλογεῖται
722 3171 814 3248 qim-c}
859 3170 929 3222 τᾶν
977 3171 1095 3239 ἱερέοι
1140 3170 1333 3228 votis-ni

314 3266 552 3328 συμφωνίαι
570 3258 648 3310 καὶ
671 3261 937 3321 ἆποσχεσις.
960 3255 1009 3303 id
1041 3267 1108 3303 est
1131 3274 1144 3304 ε
1173 3255 1333 3323 Quod·

313 3365 429 3396 nam
470 3356 655 3396 sextum
692 3350 760 3391 est
802 3337 1090 3405 Mysterium
1134 3338 1330 3403 (Sacra-

314 3431 558 3491 mentum)
584 3429 618 3476 Ρ
647 3427 791 3494 Resp.
831 3419 1126 3471 Honorabile
1168 3423 1334 3487 conju-

312 3516 450 3580 9ium
469 3549 483 3572 ‚
503 3511 628 3576 quod
649 3511 813 3577 primo
842 3503 1033 3570 quidem
1051 3515 1214 3553 mutuo
1234 3505 1337 3552 viri

312 3597 604 3662 sbminaeque
630 3595 689 3641 in
717 3609 766 3639 se
794 3590 1002 3637 invicem
1026 3603 1325 3636 consensu...

318 3678 656 3728 instituitur...
698 3674 885 3727 Deinde
926 3674 1147 3725 sancitur
1177 3686 1337 3720 conse-

1417 2026 1674 2083 craturque
1713 2019 1817 2067 haec
1855 2019 2048 2068 illorum
2091 2023 2335 2071 consensio
2371 2038 2429 2070 ac

1408 2104 1671 2167 promissio
1688 2120 1780 2167 per
1805 2103 2123 2153 Sacerdotem.

1487 2184 1552 2249 (3)
1590 2184 1698 2233 Loc.
1725 2189 1808 2234 cit.

1488 2269 1554 2332 (le)
1591 2265 1898 2316 Bibliothecae
1918 2266 2168 2317 orientalis
2188 2305 2201 2328 ,
2239 2270 2351 2332 tomi
2377 2285 2430 2316 ιιι

1415 2361 1546 2417 parte
1559 2350 1591 2416 [Ι
1609 2388 1622 2411 ,
1654 2367 1764 2416 pag.
1793 2350 1891 2401 356
1910 2388 1922 2410 ‚
1950 2361 1995 2400 et
2015 2353 2129 2398 tomi
2148 2367 2203 2398 ιιι
2234 2361 2354 2416 part.
2371 2368 2427 2410 ιι,

1414 2451 1521 2498 pag,
1550 2433 1649 2500 319
1680 2441 1730 2483 et
1760 2452 1861 2500 seq.
1893 2434 1973 2482 ubi
1996 2436 2089 2499 agit
2104 2433 2160 2482 de
2178 2432 2300 2499 Syris
2317 2432 2432 2483 Nes-

1415 2519 1621 2564 torianis.

1487 2599 1556 2664 (5)
1592 2598 1692 2648 Csr.
1726 2598 1985 2647 Leibnitius
2014 2595 2234 2664 Systema
2275 2598 2430 2646 Theo-

1416 2683 1507 2749 109.
1538 2702 1639 2749 pag.
1671 2681 1804 2746 3143
1829 2681 2057 2747 Esslinger
2087 2699 2165 2746 op.
2205 2683 2280 2729 cit.
2298 2679 2429 2745 Apo-

1417 2767 1538 2831 loqie
1555 2765 1613 2813 de
1642 2766 1688 2815 la
1715 2764 1917 2828 relt'qion
1947 2762 2211 2826 catholique
2222 2778 2322 2826 par
2349 2761 2429 2809 des

1416 2858 1612 2898 auteurs
1617 2855 1912 2914 protestans,
1935 2849 2014 2911 qui
2035 2883 2049 2904 ‚
2075 2861 2218 2911 agens
2245 2845 2302 2892 de
2327 2844 2427 2892 Ma·

1417 2932 1634 2979 trimonio
1659 2965 1676 2990 ‚
1716 2928 1902 2976 adducit
1939 2928 2197 2975 testimonia
2226 2944 2278 2974 ex
2308 2925 2429 2973 Mar-

1415 3011 1640 3061 heineeke
1659 3047 1674 3070 ‚
1711 3009 1870 3075 Meyer
1905 3019 1950 3058 et
1977 3008 2186 3056 Schwarz
2206 3042 2223 3069 ,
2260 3008 2428 3074 quibus

1417 3106 1620 3154 constat,
1639 3095 1940 3142 Protestantes
1957 3092 2198 3140 admittere
2211 3127 2227 3153 ,
2255 3093 2423 3157 conju-

1416 3182 1542 3245 gium
1556 3178 1697 3226 veluti
1715 3186 1880 3224 statum
1899 3193 1925 3223 a
1955 3173 2053 3223 Deo
2074 3174 2430 3222 sanctificatione

1401 3272 1461 3311 et
1491 3263 1629 3326 gratia
1661 3270 1846 3307 auctum
1866 3294 1879 3317 ‚
1913 3276 2003 3322 qua
2036 3260 2251 3322 conjuges
2277 3265 2430 3303 sancte

1418 3349 1588 3411 possint
1607 3346 1844 3391 instituere
1868 3341 2044 3406 prolem
2064 3378 2077 3399 ‚
2096 3358 2191 3389 esse
2215 3349 2430 3391 vocatum

1418 3432 1470 3478 in
1498 3429 1730 3494 scripturis
1750 3426 2045 3489 Mysterium
2077 3432 2119 3471 et
2142 3421 2429 3470 Sacramen-

1418 3521 1521 3560 tum
1538 3549 1551 3571 ‚
1587 3511 1781 3574 siqnum
1811 3524 2002 3556 sacrum
2040 3506 2223 3555 unionis
2261 3501 2428 3550 Christi

1419 3613 1527 3646 cum
1551 3593 1770 3643 Ecclesia.
