2612 4146
481 183 603 224 CAP.
652 185 690 219 1.
734 184 802 219 DE
845 183 1121 223 VERITATE
1164 184 1406 224 SACRAM.
1455 181 1726 219 EXTREMAE
1769 181 1935 218 UNc'r.
2188 158 2263 216 63

156 329 622 391 benedictionem
658 326 856 386 iterari
897 348 1017 385 non
1058 325 1306 401 debere,
1343 325 1505 383 istius
1548 321 1942 405 responsionis
1977 320 2263 379 rationem

158 424 308 485 hanc
329 422 526 483 attulit
544 421 727 502 glossa
747 443 760 480 :
778 422 1175 495 Sacramenta·
1189 426 1347 480 enim
1371 423 1590 480 iterari
1615 439 1730 477 non
1754 418 1982 475 debent.
1997 459 2033 474 ..
2065 425 2266 474 tamen

157 524 520 580 Paenitentia
545 520 684 576 hene
707 521 1037 578 iteratur...
1063 519 1234 597 fallit
1251 528 1452 576 autem
1489 514 1821 575 eeevmdum
1850 512 2140 592 quosdam
2178 534 2268 570 re·

150 619 300 696 qula
326 621 395 674 in
426 616 721 675 Eat-rema
758 614 1042 672 Unctione
1058 636 1077 679 ‚·
1106 613 1259 692 quid
1286 615 1449 670 enim
1474 610 1792 689 impediret
1823 609 1980 666 hane
2016 609 2266 674 iterari,

157 732 294 773 eum
320 732 438 770 non
459 713 539 769 sit
563 719 1032 778 sacramentum,
1059 708 1162 766 sed
1185 712 1376 765 oratio
1403 726 1586 784 super
1609 705 1908 763 homi-nem
1933 702 2070 782 (l)?
2094 703 2260 780 Ergo,

239 806 338 866 27.
383 804 474 864 Ad
506 806 616 877 1¹¹¹,
644 806 814 884 Resp.
855 805 950 876 1⁰,
988 803 1144 862 Disc.
1176 800 1344 860 Istius
1377 799 1735 858 sacramenti
1759 798 2022 879 priorum
2043 796 2267 857 seculo—

159 923 292 959 rum
315 901 621 981 scriptores
645 921 768 958 non
798 897 1192 956 meminerunt
1221 894 1295 954 ob
1326 893 1644 975 peculiares
1682 914 1878 952 causas
1899 892 2053 952 illius
2077 893 2267 952 aetatis

160 996 424 1078 proprias
455 1039 471 1068 ,
532 1006 719 1054 trans,
782 993 942 1074 quasi
1005 989 1153 1049 illud
1196 989 1596 1069 ignoraverint
1627 1033 1643 1062 ,
1702 1010 1830 1069 neq.
1877 991 2010 1048 Non
2055 989 2268 1049 desunt

158 1091 505 1170 gravissimae
550 1107 729 1148 causae
777 1085 990 1146 silentii
1045 1107 1077 1143 a
1119 1084 1418 1144 nonnullis
1462 1083 1729 1155 Patribus
1771 1095 1830 1143 et
1875 1084 2266 1165 Scriptoribus

159 1185 410 1245 servati:
451 1205 516 1242 ac
562 1184 624 1241 1⁰
656 1182 863 1241 Arcani
898 1180 1206 1263 disciplina
1244 1190 1391 1239 tunc
1433 1178 1716 1260 temporis
1754 1178 1984 1258 vigen53
2022 1180 2090 1239 20
2132 1179 2265 1261 quia

158 1281 306 1350 forte
331 1280 506 1339 etiam
535 1297 661 1336 rem
686 1277 956 1335 usitatam
977 1321 993 1350 ,
1034 1297 1144 1335 nec
1176 1275 1428 1356 proinde
1464 1275 1724 1354 ignotam
1745 1318 1762 1347 ,
1807 1294 1985 1355 quam
2023 1272 2266 1333 lectores

156 1373 318 1435 facile
340 1371 610 1455 supplere
634 1383 908 1454 poterant
927 1417 944 1446 ,
960 1372 1136 1430 satius
1160 1370 1454 1430 duxerunt
1470 1368 1702 1428 silentio
1717 1369 2013 1451 praeterire
2032 1414 2048 1442 .,
2068 1390 2268 1451 quem·

155 1466 474 1527 admodum
522 1478 812 1549 perceptae
865 1467 1045 1526 etiam
1080 1488 1112 1525 a
1151 1467 1364 1525 sanctis
1401 1465 1546 1524 Viris
1582 1463 1953 1523 Eucharistiae
1995 1485 2267 1547 saepenu-

158 1584 318 1622 mero
348 1561 507 1644 apud
536 1562 805 1643 antiquos
844 1560 1006 1621 nulla
1039 1562 1106 1620 fit
1145 1562 1365 1621 mentio
1391 1586 1407 1634 3
1447 1560 1513 1619 3⁰
1545 1560 1677 1641 quia
1699 1604 1716 1634 ,
1744 1580 1877 1618 cum
1907 1558 2089 1619 veluti
2125 1581 2268 1620 con-

153 1679 219 1716 su
226 1658 570 1717 mmativum
582 1657 949 1716 Poenitentiae
959 1667 1318 1738 spectaretur
1327 1655 1437 1714 1100
1448 1657 1887 1715 Sacramentum
1900 1676 1931 1719 a
1946 1654 2265 1729 veteribu8‚

153 1752 285 1812 ideo
312 1757 432 1831 ejus
463 1750 742 1833 implicite
781 1755 1180 1812 meminerunt
1210 1772 1343 1810 cum
1374 1750 1446 1810 de
1482 1761 1714 1832 peracta
1753 1748 1827 1807 ab
1854 1749 2104 1809 infirmis
2133 1771 2268 1810 exo-

156 1847 432 1927 mologesi
451 1848 841 1929 scripserunt3
867 1846 933 1905 40
957 1845 1032 1934 ob
1058 1845 1410 1928 multiplices
1439 1867 1634 1905 causas
1666 1844 1741 1905 ob
1773 1867 1915 1927 quas
1944 1846 2268 1928 antiquitus

156 1943 577 2024 infrequentior
599 1952 722 2002 erat
745 1942 915 2020 hujus
952 1942 1312 2002 Sacramenti
1348 1963 1519 2016 usuS.,
1557 1947 1690 2022 quia
1729 1961 1944 2023 nempe
1970 1945 2141 2018 juxta
2167 1941 2269 2000 In·

157 2037 493 2096 nocentium
527 2037 551 2095 I
587 2047 852 2096 sanctum
878 2034 1071 2096 oleum
1110 2035 1382 2095 omnibus
1410 2036 1597 2096 stadia
1634 2036 1994 2118 poenitentiae
2027 2056 2271 2117 percur-

157 2130 418 2190 rentibus
460 2130 889 2211 denegabatur3
937 2132 1070 2212 quia
1104 2130 1274 2191 multi
1303 2133 1364 2189 in
1394 2133 1511 2190 fine
1544 2142 1774 2190 tantum
1814 2132 1945 2191 vitae
1987 2131 2269 2213 Baptismi

155 2226 398 2304 gratiam
429 2224 742 2307 petebant3
788 2227 921 2308 quia
955 2248 1062 2308 per
1089 2248 1155 2285 ea
1193 2237 1458 2307 tempora
1501 2225 1959 2285 innumerabiles
1991 2227 2116 2286 sine
2149 2225 2267 2284 ulla

155 2320 429 2380 unctione
463 2319 538 2379 ad
563 2321 908 2402 martyrium
933 2319 1360 2401 convolabant3
1395 2320 1638 2381 tandem
1676 2321 1809 2406 quia
1851 2341 1957 2380 nec
1981 2321 2048 2380 iis
2077 2320 2267 2380 admi—

154 2415 401 2478 nistrare
413 2415 525 2476 hoc
540 2418 980 2477 Sacramentum
1008 2414 1256 2477 Ecclesia
1279 2415 1534 2492 solebat,
1559 2417 1659 2499 qui
1682 2417 2058 2500 innocentem
2085 2417 2268 2477 vitam

157 2507 491 2584 duxissent,
531 2513 619 2569 uti
649 2532 720 2571 ex
753 2512 1068 2572 Adelhardi
1100 2510 1326 2573 abbatis
1369 2510 1731 2589 Corbejensis
1775 2512 1892 2571 vita
1934 2510 2267 2591 colligitur,

158 2625 334 2684 quam
365 2605 700 2665 Paschasius
731 2605 1059 2666 Radbertus
1082 2605 1265 2666 edidit
1299 2606 1414 2687 (2).

225 2837 288 2900 (1)
338 2837 406 2886 Ita
447 2836 649 2886 Dallaeus
689 2835 770 2885 De
812 2837 996 2886 duobus
1029 2837 1167 2886 Lati-

158 2935 331 2967 norum
361 2921 418 2966 in
444 2918 685 2969 Unctione
709 2921 1023 2967 sacramentis
1044 2919 1170 2968 Con-

1320 2839 1386 2903 (2)
1421 2837 1499 2887 Sic
1516 2840 1640 2887 enim
1660 2839 1861 2904 legitur:
1885 2835 2092 2887 Interim
2112 2876 2125 2898 ‚
2157 2855 2269 2887 eum

1251 2924 1466 2988 eoepieset
1487 2922 1613 2970 idem
1637 2920 1912 2988 Episcopus·
1940 2939 1972 2970 a
1992 2923 2131 2971 nobie
2150 2940 2269 2989 per·

158 3002 428 3066 firmatione
474 3010 518 3063 et
559 2999 824 3061 Extrema,
864 3010 917 3050 ut
966 3011 1165 3062 vocant,

172 3080 410 3131 Unctione
430 3118 445 3142 ,
492 3082 686 3131 Genevae
736 3081 863 3152 1659
891 3121 905 3144 ‚
939 3082 1019 3131 De
1060 3082 1170 3131 Ex-

162 3170 310 3211 trema
356 3163 624 3227 Unctione,
673 3165 759 3213 lib.
794 3182 863 3228 11,
911 3183 1012 3232 cap.
1062 3183 1079 3214 1
1124 3178 1168 3216 et

164 3234 290 3309 seqq.
319 3244 386 3292 Ex
402 3246 491 3295 1100
507 3247 604 3295 solo
633 3244 765 3295 titulo
789 3257 867 3295 aut
885 3248 1004 3296 mala
1033 3248 1165 3306 sides,

166 3334 245 3370 aut
289 3326 480 3376 stultitia
524 3339 711 3394 apparet
751 3330 891 3396 hujus
939 3331 1168 3395 scriptoris

165 3405 353 3470 perinde
382 3424 436 3458 ae
474 3411 511 3456 si
543 3410 636 3458 sola
672 3410 872 3460 Ecclesia
900 3401 1040 3460 latina
1076 3411 1169 3459 duo

164 3486 267 3534 haec
313 3486 475 3536 habeat
512 3487 804 3558 Sacramenta
826 3528 839 3551 ‚
876 3509 972 3540 non
1014 3502 1168 3541 autem

166 3567 368 3617 Ecclesia
398 3568 552 3619 Graeca
571 3607 584 3630 ,
610 3572 826 3622 Russiaca
843 3611 858 3634 ‚
888 3592 1138 3642 omnesque
1154 3610 1170 3638 ,

1250 3006 1440 3052 contari
1466 3039 1482 3064 ,
1535 3012 1700 3051 utrum
1742 3004 2087 3052 benedictionis
2125 3004 2221 3052 oleo
2245 3039 2265 3067 ,

1251 3088 1374 3134 sicut
1403 3102 1434 3132 a
1466 3084 1530 3133 B.
1567 3084 1745 3134 Jacobo
1773 3087 2015 3153 sancitum
2044 3093 2143 3146 eet,
2182 3086 2266 3134 de-

1251 3167 1377 3216 beret
1401 3170 1616 3233 perunqi
1632 3204 1647 3224 ,
1683 3170 2086 3232 interroyavimus
2124 3160 2265 3225 eum,

1251 3258 1479 3297 utrumne
1493 3248 1643 3306 vellet,
1660 3266 1799 3315 quem
1811 3247 2126 3315 proculdubio
2144 3251 2267 3298 seie-

1251 3348 1418 3378 ramus
1441 3368 1456 3392 ‚
1480 3339 1785 3398 peccatorum
1819 3329 2043 3378 oneribus
2071 3347 2169 3379 non
2185 3331 2268 3379 de-

1256 3414 1422 3461 tineri.
1464 3412 1584 3479 Opp.
1610 3413 1658 3460 S.
1699 3412 1924 3460 Paschasii
1954 3430 2006 3461 ex
2036 3412 2149 3461 edit.
2180 3410 2269 3461 Sir·

1254 3496 1414 3543 mondi
1429 3532 1442 3555 ‚
1463 3495 1551 3543 col.
1574 3491 1692 3542 1681
1706 3528 1719 3541 .
1740 3492 1888 3542 Stulta
1906 3512 2040 3559 porro
2058 3505 2103 3543 et
2117 3495 2266 3542 inanis

1256 3578 1419 3626 fnisset
1444 3577 1545 3625 haec
1574 3579 1879 3642 interrogatio
1899 3613 1913 3636 ,
1940 3578 1980 3625 si
2005 3586 2120 3625 tunc
2143 3586 2265 3625 tem-

166 3665 320 3715 eaeque
351 3652 692 3718 antiquissimae,
715 3653 1011 3706 Orientalium
1028 3659 1174 3706 sectae!
1261 3661 1384 3724 poris
1400 3657 1669 3707 obtinuisset
1700 3673 1800 3707 mos
1816 3657 2030 3709 Ecclesiae
2044 3695 2059 3721 ,
2082 3668 2159 3718 ut,
2185 3659 2271 3723 qui

145 3844 197 3904 Ἰ·
