2508 4120
612 223 732 261 cAP.
778 222 835 262 v.
881 224 949 259 nn
991 223 1277 260 CAEuBAw
1320 221 1531 261 EcctES.
1576 223 1696 260 Ero.
2083 199 2196 260 147

194 366 330 424 151.-
381 364 464 423 Ad
489 364 602 438 3¹1¹,
644 366 798 424 Dist.
827 366 1106 424 Referunt
1131 365 1288 423 citati
1324 376 1619 438 auctoreS,
1660 364 1953 424 Novatum
1993 375 2053 423 et
2081 366 2198 424 Da-

108 460 321 520 nielem
347 460 708 519 constituisse
731 469 790 519 et
819 459 1178 542 promovisse
1207 459 1281 518 ad
1315 461 1696 519 Diaconatum
1737 469 1797 517 et
1826 457 2200 540 Presbytera-

110 565 237 613 tum
259 555 509 615 mediate
528 601 544 628 ,
571 576 755 624 conc.,·
777 555 1110 614 immediate
1130 575 1230 613 seu
1252 575 1358 635 per
1379 575 1443 613 se
1463 599 1478 627 ,
1505 576 1632 634 nng.
1657 554 2022 613 Contrarium
2044 557 2205 613 enim

109 651 334 710 eruitur
367 671 437 709 ex
485 661 775 709 contextu.
820 651 980 709 Idem
1015 650 1170 708 enim
1216 649 1278 706 S.
1320 649 1674 729 CyprianuS,
1725 650 1825 730 qui
1861 650 2089 731 scripsit
2131 650 2204 709 de

112 747 337 805 Novato
394 766 408 802 :
467 746 592 824 Qui
633 747 807 804 isthic
844 747 1123 803 adversus
1167 743 1501 802 Ecclesiam
1549 746 1896 821 Diaconum
1938 748 2165 822 fecerat
2183 788 2205 816 ,

113 841 299 922 pergit
334 839 528 898 dicens
563 863 575 899 ε
618 843 755 900 Illic
783 839 1062 920 (Romae)
1089 837 1461 915 Episcopum
1478 841 1652 916 fecit,
1689 838 1750 896 id
1784 849 1872 898 est
1892 884 1907 913 ,
1943 841 2165 901 curavit
2186 887 2203 912 ,

113 945 180 991 ut
214 935 567 993 Novatianus
602 957 634 993 a
667 933 851 993 trihus
898 930 1232 991 temulentis
1280 932 1572 1013 Episcopis
1622 946 2081 1009 consecraretur,
2122 936 2209 993 uti

114 1029 382 1088 novimus
407 1049 477 1087 ex
505 1029 740 1088 historia
758 1027 864 1107 (l).
888 1028 976 1086 Sic
995 1027 1166 1086 etiam
1194 1047 1327 1085 cum
1341 1026 1704 1108 Paphnutius
1723 1038 2086 1108 perspectam
2102 1029 2212 1088 ha-

114 1122 280 1183 beret
294 1123 544 1182 Danielis
569 1123 933 1182 sanctitatem
949 1168 964 1197 ,
989 1123 1182 1204 ipsum
1208 1122 1526 1183 destinavit
1553 1121 1628 1181 ad
1641 1143 1828 1181 sacros
1843 1123 2088 1183 Ordines
2100 1125 2210 1205 (2).

994 1337 1234 1397 CAPUT
1279 1339 1342 1396 V.

196 1499 264 1535 DE
310 1497 600 1535 CAELIBATU
641 1495 1054 1534 ECCLESIASTICO
1095 1495 1199 1534 SEU
1241 1497 1309 1532 DE
1347 1497 1734 1535 CONTINENTIAE
1775 1499 1910 1536 LEGE
1950 1499 2138 1538 SACRis

865 1590 1141 1628 mmIS'rRls
1185 1587 1464 1628 IMPOSI'M.

203 1759 339 1817 152.
387 1758 492 1817 Vix
541 1757 655 1817 dici
691 1767 921 1839 potest,
975 1778 1091 1838 quo
1131 1757 1336 1815 insano
1376 1757 1570 1815 furore
1617 1780 1846 1818 sacrum
1895 1759 2223 1820 caelibatum

121 1854 382 1912 insectati
403 1853 617 1911 fuerint
639 1873 751 1911 sec.
778 1853 929 1927 XVI,
955 1873 1266 1911 sacrorum
1287 1854 1711 1924 emendatores,
1739 1877 1881 1936 quos
1914 1876 2048 1916 vere
2071 1859 2223 1916 Deus

122 1947 411 2006 ultionum
446 1948 726 2005 Dominus
759 1946 1001 2006 tradidit
1039 1948 1100 2005 in
1132 1945 1416 2005 desideria
1457 1947 1644 2006 cordis
1672 1970 1876 2008 eorum
1902 1962 1961 2009 et
1997 1952 2060 2008 in
2088 1973 2224 2031 pas—

120 2043 309 2102 siones
338 2042 669 2121 ignominiae
691 2087 707 2116 ,
739 2041 815 2101 de
847 2040 1055 2122 quibus
1084 2052 1395 2123 propterea
1419 2043 1684 2101 Erasmus
1706 2044 1932 2125 scripsit
1961 2067 1974 2101 ι
2013 2047 2226 2105 Omnis

121 2139 416 2216 traqoedia
470 2141 593 2195 emit
636 2141 705 2195 in
747 2137 1157 2215 catastrophen
1193 2141 1546 2194 comicum...
1609 2138 1774 2197 Unde
1810 2149 1982 2197 tanta
2021 2145 2229 2199 carnis

121 2233 359 2290 rebellio
380 2235 448 2289 in
473 2233 586 2307 his,
603 2234 715 2309 qui
730 2252 788 2288 se
796 2235 1047 2309 jactant
1067 2233 1172 2310 aqi
1193 2233 1420 2310 spiritu
1451 2231 1674 2290 Christi
1698 2231 1830 2312 (3)⁴?
1855 2234 1976 2292 Hac
2003 2235 2231 2294 ratione

124 2349 245 2386 non
274 2349 481 2409 paucos
510 2326 748 2387 asseclas
801 2348 902 2386 seu
942 2348 1204 2386 coenosos
1251 2326 1517 2386 homines
1560 2327 1954 2403 invenerunt,
1999 2331 2101 2411 qui
2135 2353 2230 2390 re-

126 2424 458 2482 formationi
491 2424 906 2505 promovendae
948 2445 1186 2505 operam
1229 2434 1547 2495 navarent,
1593 2444 1844 2503 quorum
1885 2425 1980 2483 hic
2026 2427 2230 2485 unicus

131 2539 334 2600 scopus
360 2531 447 2577 est
472 2531 530 2579 et
563 2518 854 2596 objectum
884 2518 1309 2591 attributionis,
1357 2517 1629 2596 sacrilego
1667 2539 1881 2599 nempe
1913 2519 2131 2580 foedere
2172 2543 2233 2581 se

130 2617 495 2692 conjungere.
535 2614 637 2671 His
679 2612 858 2672 veluti
888 2612 1191 2671 auxiliares
1222 2613 1402 2692 copiae
1431 2632 1716 2671 accessere
1753 2614 2231 2695 pseudo-politici

132 2729 195 2766 ac
235 2707 533 2776 libertini,
574 2707 673 2788 qui
709 2706 1063 2786 argumentis
1098 2704 1356 2787 undique
1402 2707 1708 2785 corrogatis
1749 2706 1844 2766 vel
1884 2729 1954 2766 ex
1993 2709 2232 2790 physica

130 2804 251 2882 ipsa
295 2803 545 2862 hominis
588 2803 1031 2877 constitutione,
1082 2799 1177 2862 vel
1218 2822 1250 2859 a
1289 2801 1575 2860 societatis
1615 2801 1975 2881 indigentia,
2020 2805 2113 2864 vel
2162 2827 2233 2865 ex

136 2898 552 2981 therapeutica,
569 2899 629 2956 in
644 2899 825 2957 aciem
848 2897 1195 2978 prodierunt
1215 2942 1230 2972 ,
1256 2907 1323 2954 ut
1345 2906 1433 2980 tot
1447 2897 1793 2964 miserorum
1816 2901 2238 2980 superstitionis

208 3116 274 3180 (1)
309 3116 408 3167 Csr.
443 3117 615 3167 Euseb.
650 3119 793 3167 Hist.
819 3116 930 3166 eccl.
946 3117 1033 3166 lib.
1063 3134 1135 3179 vn,
1229 3116 1527 3176 destinando,
1561 3134 1642 3166 seu
1679 3119 1744 3166 eis
1769 3119 2139 3169 commendando
2168 3122 2243 3171 vel

143 3213 246 3261 cap.
284 3197 368 3261 43.
1230 3199 1498 3259 offerendo,
1536 3208 1588 3246 ut
1634 3198 1782 3247 solent
1815 3198 2015 3248 Abbates
2036 3237 2050 3263 ‚
2089 3213 2133 3249 et
2162 3203 2240 3250 alii

211 3277 274 3340 (2)
310 3278 412 3328 cfr.
448 3280 762 3329 Adnotation.
782 3279 844 3328 D.
872 3278 1026 3328 Alardi
1047 3278 1138 3327 Ga·
1230 3279 1404 3343 praelati
1442 3279 1677 3345 Episcopis
1701 3281 1936 3328 inferiores
1958 3317 1970 3338 ,
2004 3281 2239 3347 religiosos

143 3361 228 3406 zaei
246 3394 262 3417 ,
299 3358 419 3408 ord.
449 3359 623 3411 Bened.
650 3365 700 3410 in
726 3362 813 3409 loc.
840 3363 917 3410 cit.
936 3398 949 3421 ,
970 3364 1049 3427 qui
1067 3361 1143 3409 ob·
1233 3361 1320 3409 sibi
1355 3361 1581 3426 subjectos
1620 3362 1679 3409 ad
1716 3360 1992 3426 Episcopum
2028 3380 2134 3412 cum
2160 3367 2238 3414 lit-

142 3450 315 3502 servat,
339 3439 609 3491 Cassianum
636 3445 827 3491 minime
871 3445 1099 3507 scripsisse
1124 3479 1139 3502 ‚
1232 3448 1338 3493 teris
1366 3446 1718 3494 commendatiis
1749 3446 1930 3493 mittere
1956 3482 1968 3500 ‚
2022 3451 2243 3513 quemad-

143 3524 270 3588 quod
289 3522 907 3587 Paphnutiusordinaverit‚
926 3524 1005 3572 sed
1019 3524 1146 3590 quod
1232 3528 1426 3575 modum
1461 3526 1512 3575 S.
1541 3526 1812 3575 Benedictus
1845 3530 2034 3590 statuit,
2062 3548 2166 3595 cap.
2208 3531 2243 3580 6

144 3605 200 3651 ad
255 3604 463 3652 ordinem
514 3621 594 3654 seu
643 3605 845 3654 officium
879 3605 1146 3672 hujusmodi
1235 3606 1446 3672 Requloe.

138 3687 435 3749 provexerit,
464 3685 777 3736 ordinandum
810 3686 869 3735 ad
901 3686 1147 3752 Episcopos
1306 3688 1372 3751 (3)
1412 3688 1558 3753 Epist.
1576 3687 1636 3736 ad
1650 3686 1819 3737 Fratr.
1842 3691 1985 3755 inser.
2005 3692 2237 3743 German.

1924 3772 2017 3830 10.
