2508 4120
378 74 495 134 352
994 93 1320 136 ‘suenrus
1363 99 1429 135 »Β
1475 95 1857 142 usi-mimum.

376 244 556 299 etiam
575 282 596 309 ,
634 239 789 295 banc
816 240 1267 316 captiunculam
1307 250 1363 298 et
1382 242 1583 318 fallax
1609 242 1713 301 boc
1740 245 2071 305 cavillandi
2095 269 2280 327 qenus
2311 253 2477 309 omni

369 334 762 413 fundamento
787 334 1048 393 destitui.
1079 335 1274 396 Verba
1293 338 1455 394 enim
1473 340 1720 397 canonis
1734 343 1822 397 ita
1839 342 2150 418 ⁴qeneralia
2177 357 2344 416 sunt,
2359 367 2477 406 om·

375 448 478 485 nes
492 437 559 485 ut
574 449 789 486 causas
816 430 1318 508 comprehendant
1337 442 1393 490 et
1414 434 1882 511 complectantur
1895 454 1916 503 ,·
1939 439 2193 514 spiritus
2217 457 2344 498 vero
2358 444 2477 500 sive

373 526 532 582 ratio
572 525 714 602 leqi's
752 525 895 582 adeo
934 536 1104 603 patet
1128 570 1144 587 ‚
1195 537 1262 584 ut
1302 529 1543 586 nullum
1586 533 1932 608 exceptioni*
1964 541 2076 588 aut
2129 532 2482 594 limitationi

373 619 568 677 locum
608 620 973 697 relinquant.
1008 622 1079 678 Si
1107 625 1268 680 enim
1293 623 1380 682 boe
1409 644 1606 682 causoe
1628 645 1750 683 non
1775 627 1904 684 alia
1931 630 2162 686 ratione
2180 632 2482 706 pertinent

373 715 460 772 ad
478 735 664 773 unum
689 714 967 774 Ecclesiae
985 718 1310 794 judicium
1325 763 1342 793 .,
1378 722 1505 777 nisi
1525 718 1671 798 quia
1698 731 2035 779 contractus
2059 727 2483 782 matrimonia-

373 811 562 888 lis'est
589 831 716 868 vere
751 821 807 869 et
843 816 1087 891 proprie
1128 835 1326 871 unum
1355 835 1426 873 ea·
1456 826 1670 894 septem
1706 817 1845 895 leqis
1873 819 2216 896 evanyelicae
2254 818 2481 877 Sacra-

372 909 623 977 mentis,
664 908 820 966 sicut
867 908 989 967 baec
1041 909 1427 968 Sacramenta·
1475 914 1630 970 ratio
1683 916 2021 970 communis
2071 923 2154 972 est
2204 915 2482 973 omnibus

371 1004 572 1060 causis
605 1004 1193 1074 matrimonialibus,
1247 1009 1337 1063 ita
1375 1025 1573 1064 omnes
1619 1007 1708 1065 hae
1751 1028 1948 1066 causac
1985 1017 2243 1086 spectare
2298 1013 2476 1069 unice

370 1098 584 1157 debent
611 1099 945 1175 adjudices
966 1101 1403 1169 ecclesiasticos,
1429 1123 1569 1159 cum
1584 1103 1786 1161 eadem
1807 1106 1888 1161 eit
1917 1107 2071 1162 ratio
2095 1106 2165 1161 in
2185 1105 2480 1173 omnibus,

372 1204 439 1252 ut
473 1215 712 1253 concors
740 1204 822 1253 est
854 1200 1310 1255 canonistarum
1345 1201 1668 1269 sententia,
1708 1220 1780 1256 ne
1820 1200 1901 1256 iis
1925 1196 2166 1276 quidem
2197 1203 2480 1279 exceptis,

370 1311 514 1369 quos
567 1295 818 1348 minime
857 1294 1063 1370 favere
1104 1291 1385 1351 Ecclesioe
1424 1294 1687 1371 juribus
1741 1298 1887 1352 satis
1937 1314 2235 1374 superque
2277 1316 2481 1355 eorum

369 1391 596 1465 scripta
645 1388 1072 1446 demonstrant.
1123 1388 1371 1469 Etenim
1423 1398 1495 1446 ut
1533 1390 1724 1448 verbis
1760 1398 2014 1447 utamur
2069 1390 2200 1450 Van
2225 1391 2487 1469 Espenii

369 1485 526 1560 (Jus
551 1485 773 1543 Eccles.
814 1494 977 1562 part.
1030 1483 1170 1553 III,
1205 1487 1298 1541 tit.
1339 1485 1415 1556 2,
1461 1505 1594 1563 cap.
1638 1485 1705 1552 1,
1741 1505 1803 1542 n.
1837 1483 1874 1541 4
1915 1494 1969 1541 et
2009 1506 2071 1542 n.
2113 1485 2183 1543 11
2229 1497 2283 1543 et
2314 1486 2478 1564 12):

378 1577 676 1637 Unanimi
712 1599 995 1636 consensu
1034 1588 1330 1657 receptum
1361 1589 1477 1652 est,
1539 1600 1759 1641 causas
1798 1580 2325 1638 Sacramentorum
2364 1602 2480 1639 esse

369 1694 529 1731 mere
553 1675 995 1744 ecclesiasticas,
1018 1694 1257 1751 easque,
1278 1677 1574 1752 quantum
1604 1673 1689 1731 ad
1707 1674 2110 1732 substantiam
2140 1694 2374 1744 earum,
2399 1675 2489 1733 ad

350 1769 630 1846 judicem
652 1767 1112 1825 ‘ecclesiasticum
1128 1772 1429 1846 privative
1451 1748 1715 1847 spectare
1736 1816 1753 1838 ‚
1788 1768 2057 1846 nihilque
2092 1773 2255 1827 circa
2278 1789 2481 1829 eorum

368 1864 740 1922 validitatem
755 1874 865 1921 aut
877 1864 1319 1922 invaliditatem
1329 1865 1607 1940 judicem
1630 1866 1954 1923 secularem
1960 1885 2126 1943 posse
2147 1865 2449 1924 decernere
2461 1887 2482 1932 ;

368 1981 431 2020 eo
466 1961 628 2039 quod
658 1959 747 2018 boe
780 1980 851 2018 ea·
899 1970 1131 2018 natura
1162 1981 1275 2019 sua
1314 1971 1461 2018 sunt
1490 1981 1649 2019 mere
1686 1961 2052 2040 spirituales.
2096 1964 2181 2019 Et
2212 1983 2388 2031 sane,
2425 1964 2484 2021 si

368 2061 614 2136 quoestio
652 2064 930 2115 versatur
959 2057 1028 2114 de
1052 2056 1361 2114 validitate
1397 2060 1591 2135 ipsius
1635 2057 2046 2125 Matrimonii,
2091 2057 2247 2114 solus
2281 2057 2479 2134 judex

369 2153 791 2211 ecclesiasticus
818 2162 903 2209 est
925 2161 1289 2230 competens,
1324 2154 1560 2230 ipseque
1589 2153 1749 2210 solus
1788 2151 1856 2209 de
1886 2152 1997 2209 bac
2021 2153 2342 2229 quaestione
2387 2173 2475 2210 co·

362 2269 636 2329 qnoscere
677 2257 909 2326 potest,
950 2257 1063 2305 etc.
1114 2244 1224 2326 (1).
1271 2247 1579 2326 Hucusque
1626 2246 1756 2304 Pius
1800 2247 1906 2320 Vl,
1951 2247 2051 2326 qui
2101 2256 2380 2327 praeterea
2414 2247 2477 2307 in

370 2333 617 2402 Constit.
665 2342 978 2402 Auctorem
1009 2342 1177 2421 fidei,
1223 2363 1393 2423 prop.
1437 2342 1613 2400 LVIII
1655 2340 1860 2421 synodi
1904 2341 2267 2399 Pistoriensis
2309 2341 2477 2401 dam-

369 2439 537 2500 navit
559 2484 573 2513 7
612 2461 746 2518 quoe
771 2442 1012 2513 statuit,
1046 2439 1349 2518 sponsalia
1370 2440 1618 2516 proprie
1646 2438 1807 2495 dicta
1836 2447 2028 2495 actum
2054 2458 2211 2497 mere
2244 2439 2477 2497 civilem

367 2540 701 2607 continere,
736 2537 843 2614 qui
878 2536 963 2593 ad
981 2534 1452 2594 ,Matrimonium
1476 2535 1897 2593 celebrandum
1917 2534 2218 2613 disponit,
2247 2535 2477 2594 eadem·

369 2652 483 2711 que
521 2632 794 2690 civilium
831 2632 1024 2710 lequm
1058 2633 1414 2710 praescripto
1452 2630 1756 2707 subjacere
1785 2676 1802 2698 ‚
1841 2664 1921 2673 -
1959 2629 2121 2710 quasi
2158 2640 2316 2688 actus
2355 2628 2477 2688 dis-

370 2747 596 2810 ponens
639 2725 714 2784 ad
749 2727 1185 2784 Sacramentum
1216 2747 1338 2783 non
1379 2723 1669 2803 subjaceat
1702 2722 1809 2782 sub
1846 2723 1952 2782 hac
1986 2722 2207 2783 ratione
2225 2724 2341 2801 juri
2366 2725 2470 2782 Ec·

371 2821 588 2896 clesiae·
612 2842 737 2903 quae
763 2819 999 2902 quidem
1016 2820 1330 2901 propositio
1342 2821 1505 2898 falsa
1520 2824 1714 2898 ,furis
1727 2819 2005 2878 Ecclesioe
2028 2819 2228 2898 quoad
2244 2819 2470 2897 effectus

369 2921 551 2977 etiam
596 2938 625 2975 e
670 2918 1047 2996 sponsalibus
1101 2919 1167 2973 vi
1211 2919 1641 2974 canonicarum
1693 2919 2072 2973 sanctionum
2118 2913 2472 2991 profluentes

371 3015 601 3082 loesiva,
630 3013 974 3091 disciplinae
1011 3012 1089 3070 ab
1122 2991 1393 3096 Ecclesia
1427 3012 1757 3069 constitutae
1798 3010 2084 3089 deroyans
2110 3007 2498 3084 declaraturus

373 3121 432 3170 et
470 3120 538 3168 ut
572 3107 703 3168 talis
736 3106 1138 3190 proscribitur

455 3206 598 3264 260.
648 3206 793 3264 Cum
842 3224 1016 3286 porro
1067 3202 1451 3262 fundamenta
1499 3201 1801 3261 contrariae
1846 3199 2171 3260 assertionis
2227 3220 2325 3259 seu
2364 3197 2472 3258 do-

378 3301 577 3359 ctrinae
602 3298 1017 3359 anticatholicae
1038 3298 1205 3356 unice
1220 3298 1650 3358 constituantur
1670 3319 1741 3357 ex
1766 3297 2125 3379 separatione
2148 3305 2470 3354 contractus

446 3501 514 3565 (l)
550 3500 636 3550 Die
671 3499 731 3550 16
762 3499 887 3566 Sept.
928 3497 1089 3565 1788,
1137 3498 1260 3563 apud
1287 3498 1386 3546 Μο-
1468 3518 1518 3549 n.
1553 3516 1635 3548 xm
1656 3538 1670 3560 ‚
1703 3515 1811 3566 pag.
1849 3496 1939 3564 175
1964 3535 1978 3558 ‚
2011 3498 2230 3551 Mechlin.
2259 3494 2403 3561 1834.

377 3598 448 3632 ser
472 3620 485 3644 ‚
517 3580 588 3631 De
629 3582 983 3648 impedimentis
1031 3582 1348 3632 Matrimonii
1370 3618 1383 3641 ‚
