2508 4120
2073 135 2184 194 421

159 300 258 352 Pag.
286 299 380 339 512.
409 298 468 338 Ex
495 299 588 339 Em.
621 295 746 340 Gard.
775 295 1025 339 pallavicini
1051 296 1170 340 Hist.
1205 297 1336 353 Conc-
1364 294 1489 340 Trid.
1517 294 1595 337 lib.
1622 295 1737 337 XXII
1758 323 1771 346 ,
1801 305 1893 358 cap.
1921 297 1944 336 1
1962 327 1975 347 ,
2008 306 2053 337 ιι.
2083 298 2152 338 16.

159 378 336 420 Interim
355 380 554 421 Oratores
580 377 717 429 Galli,
747 389 930 432 quorum
957 389 1087 431 regna
1099 376 1294 433 fortassis
1310 376 1391 425 hoc
1417 374 1730 419 incommodum
1751 375 1984 430 (Matrim.
2014 374 2195 420 clande-

107 445 359 498 stinorum)
384 443 660 499 vfrequentius
700 444 1008 499 nocentiusque
1048 437 1353 498 patiebantur,
1394 444 1598 498 vigesimo
1626 445 1781 498 quarto
1809 443 1914 485 Julii
1951 455 1976 486 a
2006 444 2195 487 Concilio

108 514 236 565 Regis
268 513 438 554 nomine
483 511 746 565 solemniter„
767 512 1011 565 petierunt,
1030 514 1108 554 ‘ut
1137 511 1386 571 hujusmodi
1414 507 1691 553 matrimonia
1729 511 1774 552 in
1806 513 2030 564 posterum
2071 511 2197 555 irrita

107 580 459 628 decernerentur,
482 580 694 623 renovatis
713 580 906 633 antiquis
932 579 1182 634 nuptiarum
1201 579 1359 622 ritibus
1379 592 1390 631 ;
1410 578 1526 633 quod
1554 579 1592 621 si
1619 579 1737 633 gravi
1763 579 1815 621 de
1847 591 1976 622 causa
2001 579 2200 622 fortassis

107 647 233 690 aliter
259 646 351 688 fieri
384 648 672 700 opportunum
701 650 976 696 censeretur,
1010 647 1164 689 saltem
1193 647 1470 689 matrimonia
1489 658 1566 702 pro
1585 659 1670 688 non
1688 647 1894 700 legitimis
1905 641 2198 700 haberentur,

107 715 278 769 quoties
296 725 380 755 non
400 713 571 756 adesset
587 714 781 757 sacerdos
800 726 898 757 cum
916 715 1060 758 tribus
1086 718 1162 757 aut
1178 715 1378 770 pluribus
1392 715 1601 765 testibus;
1621 715 1753 757 simul
1772 715 1902 758 etiarn
1918 715 2211 759 redderentur·

105 781 230 823 irrita
271 781 542 838 matrimonia
577 785 796 825 contracta
831 795 856 825 a
890 783 994 825 filiis
1035 783 1198 838 absque
1235 787 1464 838 parentum
1492 795 1728 835 consensu,
1758 783 1918 839 quippe
1942 784 2200 839 plerumque

105 849 229 891 noxia
242 861 291 891 ac
313 848 488 891 familiis
512 849 734 901 indecora,
752 853 796 893 et
815 850 1010 893 odiorum
1029 851 1320 907 potiusquam
1336 852 1495 894 amoris
1506 850 1642 893 fomes
1656 851 1770 893 inter
1783 851 1998 907 conjuges.
2016 855 2198 904 Verum,

105 920 156 959 ut
186 917 316 959 simul
343 917 577 959 remedium
610 917 889 961 adhiberetur
916 922 1144 973 parentum
1172 918 1373 962 socordiae
1397 919 1441 960 in
1467 918 1656 962 filiorum
1688 912 1806 961 statu
1825 919 2038 972 curando,
2057 922 2210 964 certus

108 996 315 1026 annorum
355 977 563 1027 numerus
592 985 969 1039 praescriberetur,
1007 998 1093 1041 quo
1140 985 1380 1036 absoluto,
1415 987 1453 1028 si
1490 985 1678 1028 nondum
1723 983 1840 1040 filius
1874 998 1900 1029 a
1932 990 2119 1061 parente
2154 988 2200 1030 in

105 1051 377 1095 matrimonio
396 1051 551 1096 fuisset
582 1053 847 1105 collocatus,
875 1053 941 1097 fas
972 1054 1037 1096 illi
1065 1058 1178 1097 esset
1207 1067 1285 1109 per
1315 1054 1504 1110 seipsum
1529 1066 1705 1097 uxorem
1737 1053 1907 1097 ducet-e.

157 1138 258 1187 Pag.
259 1135 353 1201 526¹
356 1137 417 1176 Ex
431 1137 524 1178 Ειιι.
539 1134 663 1177 card.
681 1134 859 1178 Gerdilii
875 1149 1017 1190 opere,
1035 1136 1148 1190 quod
1166 1136 1442 1178 inscribitur:
1465 1139 1701 1179 Tractatus
1720 1135 1772 1179 de
1785 1136 2095 1188 Matrimonio,
2107 1136 2199 1192 512.
2253 1134 2259 1140 ”
2297 1121 2299 1125 ¹

157 1218 364 1269 Apostata
390 1227 489 1259 vere
521 1216 650 1269 digna
681 1220 747 1258 est
764 1217 851 1260 haec
867 1220 983 1260 tetra
1015 1216 1224 1271 suspicio,
1257 1229 1344 1271 qua
1377 1217 1644 1272 spalatensis
1668 1217 1825 1259 bonam
1853 1217 2048 1260 Ecclesiae
2074 1217 2202 1262 fidem

108 1283 360 1326 obnubilare
399 1287 597 1335 conatur,
632 1285 758 1339 quasi
791 1289 858 1327 tot
897 1286 1034 1338 sancti
1066 1285 1323 1336 PontificeS,
1358 1288 1426 1328 tot
1465 1285 1735 1329 venerabiles
1761 1288 1911 1329 Patres
1937 1286 1982 1328 in
2014 1286 2204 1330 Concilio

109 1352 349 1405 congregati
364 1382 376 1402 ,
398 1364 475 1406 per
491 1351 663 1406 longam
684 1353 934 1397 saeculorum
958 1354 1114 1413 seriem
1141 1354 1459 1407 conspirassent
1481 1352 1535 1395 ad
1553 1353 1790 1397 indebitam
1809 1353 1895 1396 sibi
1908 1354 2206 1408 usurpandam

108 1419 427 1470 auctoritatem,
450 1431 534 1473 qua
565 1419 822 1463 laederentur
837 1421 936 1475 jura
963 1420 1102 1463 civilis
1121 1421 1375 1475 potestatis,
1404 1433 1482 1463 nec
1498 1421 1748 1464 timuissent
1775 1422 1820 1462 in
1853 1421 2100 1464 volontariae
2119 1432 2214 1465 suae

118 1488 412 1540 usurpationis
429 1488 710 1541 patrocinium
726 1489 923 1532 invocare
938 1489 1144 1543 Spiritum
1164 1492 1364 1531 Sanctum
1376 1520 1387 1540 ,
1404 1489 1485 1531 sub
1505 1490 1598 1543 eJus
1612 1488 1881 1532 invocatione
1894 1489 2209 1544 promulgando

110 1565 192 1604 ea,
215 1566 307 1607 quae
321 1553 373 1595 de
397 1555 671 1597 matrimonio
700 1555 929 1598 statuenda
939 1556 1233 1611 judicaverant
1248 1588 1260 1607 ,
1285 1560 1494 1610 tanquam
1509 1560 1761 1599 emanarent
1779 1556 1833 1598 ab
1853 1557 2110 1600 auctoritate
2137 1557 2207 1599 di-

110 1621 270 1662 vinitus
297 1624 472 1675 accepta
510 1627 554 1663 et
580 1634 605 1664 a
631 1623 795 1676 Spiritu
822 1623 899 1665 Dei
933 1624 1135 1666 continuo
1159 1623 1380 1666 moderata
1397 1635 1446 1665 ac
1468 1624 1726 1676 gubernata.
1747 1623 1890 1666 Stulta
1913 1624 2207 1684 impudentia,

112 1700 205 1741 quae
238 1688 395 1730 mentis
414 1689 626 1731 malitiam
657 1689 931 1742 manifestat,
963 1691 1068 1746 quin
1097 1690 1151 1734 ad
1169 1691 1436 1746 propositum
1453 1689 1600 1732 faciat!
1631 1691 1807 1733 Axioma
1826 1694 1918 1743 est,
1937 1691 2049 1733 nulli
2072 1692 2210 1747 J‘uris-

113 1754 251 1809 perito
265 1768 350 1797 non
366 1760 588 1811 acceptum
611 1758 712 1800 etin
727 1758 913 1800 naturali
926 1758 1130 1813 aequitate
1149 1758 1377 1802 fundatum
1393 1791 1405 1810 ‚
1424 1758 1740 1812 possessionem
1769 1755 1991 1812 pacificam
2009 1758 2212 1801 diuturni

113 1824 319 1876 temporis
335 1854 347 1875 ,
380 1836 509 1877 quam
539 1826 639 1879 quis
662 1825 824 1879 absque
839 1826 928 1867 ulla
945 1826 1261 1868 intermissione
1287 1826 1650 1879 frequentissimis
1675 1825 1816 1879 iisque
1831 1826 2011 1868 notoriis
2040 1826 2211 1870 actibus

115 1891 324 1942 exercuit,
354 1892 723 1934 consentientibus
741 1893 819 1944 iis,
855 1905 1038 1947 quorum
1057 1894 1262 1943 interest,
1297 1893 1406 1948 J'usti
1431 1893 1552 1934 tituli
1576 1893 1952 1948 praesumptionem
1982 1894 2208 1946 stabilire;

115 1969 192 2000 nec
210 1958 263 1999 ad
289 1959 582 2012 abrogandum
607 1960 678 2014 jus
702 1960 894 2003 sufficere
922 1960 1126 2012 dubium,
1157 1962 1330 2003 etiamsi
1364 1960 1588 2015 probabile
1623 1962 1704 2013 sit,
1738 1961 1784 2002 in
1814 1963 2101 2015 contrarium,
2134 1961 2215 2005 sed
2283 1965 2285 1970 ’

115 2026 278 2080 requiri
305 2028 477 2069 omnino
496 2061 509 2079 ‚
536 2031 587 2070 ut
619 2028 732 2070 mala
760 2028 865 2071 fides
890 2027 1110 2072 evidenter
1135 2030 1343 2085 probetur
1376 2028 1523 2081 abeo,
1544 2029 1620 2084 qui
1636 2028 1829 2071 eamdem
1859 2029 2076 2084 allegavit.

170 2109 272 2159 Pag.
315 2108 411 2148 541.
442 2110 503 2149 Ex
532 2108 596 2150 cl.
623 2109 844 2163 ltturiagae
890 2121 1045 2164 opere,
1075 2110 1144 2152 cui
1163 2110 1321 2152 titulus
1341 2109 1632 2165 :confutatio
1659 2109 1864 2154 advocati
1891 2110 2216 2163 Pistoriensis,

118 2184 208 2227 cap.
229 2175 275 2224 1,
297 2173 386 2227 52,
402 2174 487 2218 vol.
509 2177 589 2226 lv,
605 2187 702 2229 pag.
726 2177 794 2218 82.
874 2180 875 2183 ’

168 2257 260 2296 Νοιι
274 2255 338 2297 ita
352 2258 498 2298 tamen
514 2257 772 2311 restringere
791 2257 967 2300 intendo
988 2258 1230 2312 principum
1248 2261 1507 2312 potestatem
1527 2257 1582 2300 ad
1595 2257 1771 2301 effectus
1787 2258 1924 2303 civilis
1939 2263 2184 2303 contractus
2197 2294 2211 2313 ,

115 2324 166 2362 ut
195 2334 280 2363 non
310 2324 446 2376 possit
477 2324 682 2367 indirecte
713 2337 805 2368 sese
845 2325 1069 2368 extendere
1097 2326 1153 2368 ad
1181 2326 1358 2368 effectus
1387 2328 1675 2378 Sacramenti;
1718 2339 2020 2382 nequaquam3
2066 2329 2154 2372 imo
2189 2341 2213 2372 e

118 2391 329 2432 contrario
356 2391 546 2443 declaro,
575 2393 789 2446 principes
815 2394 1040 2436 saeculares
1058 2396 1234 2448 propter
1252 2406 1378 2435 suum
1406 2393 1644 2435 dominium
1673 2394 1872 2448 praeditos
1904 2395 1980 2437 illa
1999 2399 2214 2450 potestate

117 2467 236 2507 esse,
267 2470 358 2511 quae
386 2471 434 2501 ex
460 2470 540 2501 sua
562 2462 717 2501 natura
746 2459 901 2502 sufficit
936 2460 991 2502 ad
1022 2460 1347 2502 annihilandum
1377 2463 1643 2504 contractum
1676 2463 2058 2516 matrimonialem,
2087 2465 2150 2507 ita
2163 2468 2214 2506 ut

119 2524 304 2577 amplius
317 2537 399 2566 non
432 2526 489 2567 sit
503 2527 683 2568 materia
710 2526 862 2570 idonea
882 2528 1191 2570 sacramenti...
1212 2532 1272 2571 Ει
1285 2528 1412 2584 infra
1432 2532 1522 2572 :Eo
1540 2532 1687 2571 tamen
1713 2533 1840 2584 pacto
1854 2561 1868 2584 ‚
1884 2534 1936 2572 ut
1950 2531 2137 2575 Ecclesia
2158 2531 2213 2574 ad

118 2589 231 2633 hunc
249 2591 446 2634 effectum
478 2605 556 2635 sua
587 2594 866 2644 auctoritates,
886 2596 952 2638 vel
990 2596 1143 2638 saltem
1162 2597 1471 2650 permissione,
1502 2600 1742 2639 concurrat.

173 2674 272 2726 Pag.
291 2673 386 2714 548.
406 2676 466 2716 Ex
480 2677 573 2716 Em.
588 2675 714 2717 Card.
735 2676 984 2720 Pallavicini
1004 2676 1120 2737 Hist.
1136 2679 1267 2721 Com.
1286 2677 1411 2722 Tria.
1432 2677 1510 2720 lib.
1538 2678 1699 2729 xxm,
1729 2690 1822 2733 cap.
1850 2680 1877 2720 9
1891 2709 1904 2731 ,
1922 2692 1967 2722 ιι.
1985 2682 2053 2722 11.

173 2754 361 2797 Politicis
374 2756 606 2799 absurdum
619 2758 757 2801 visum
769 2762 846 2809 est,
857 2759 1059 2802 constitui
1073 2760 1305 2802 articulum
1318 2759 1417 2803 fidei
1433 2773 1583 2804 causas
1598 2760 1652 2802 ad
1666 2761 1939 2805 matrimonia
1949 2765 2214 2817 spectantes,

118 2823 331 2876 pertinere
361 2824 416 2866 ad
437 2824 624 2879 judicem
653 2827 1000 2871 ecclesiasticum.
2215 2840 2220 2843 ·

176 2906 276 2957 Pag.
304 2906 399 2946 549.
429 2908 488 2947 Ex
512 2907 658 2948 eodem
680 2920 806 2962 opere
833 2911 877 2950 et
910 2909 1029 2959 loco,
1062 2921 1105 2949 n.
1132 2911 1202 2951 12.

176 2983 255 3025 Sed
272 2985 360 3028 haec
381 2987 523 3028 omnia
543 2987 655 3030 dicta
689 2989 777 3029 sint
795 2988 849 3030 ad
878 2987 1170 3032 confusionem
1190 3001 1360 3042 eorum,
1381 3003 1473 3044 quae
1488 2992 1640 3034 Suavis
1653 2991 1836 3033 assumit
1863 2994 1907 3034 et
1932 2992 2081 3047 objicit
2094 3023 2107 3043 ,
2129 3003 2214 3034 non

123 3050 177 3092 ad
192 3053 471 3094 necessariam
487 3054 617 3109 hujus
635 3055 873 3097 Tridentini
892 3058 1065 3099 canonis
1075 3057 1383 3110 defensionem,
1401 3071 1493 3112 quae
1510 3059 1576 3101 his
1594 3071 1679 3100 non
1695 3058 1945 3113 indigebat,
1968 3072 2064 3102 cum
2079 3059 2123 3100 in
2137 3059 2214 3100 illo

125 3130 209 3159 non
233 3117 284 3160 de
303 3121 612 3163 constituendis
631 3122 947 3175 impedimentis
963 3128 1139 3178 agatur,
1158 3125 1232 3167 sed
1251 3122 1303 3167 de
1324 3125 1625 3180 cognoscendis
1640 3127 1780 3168 causis
1806 3126 1861 3168 ad
1889 3126 2214 3167 matrimonium

127 3187 433 3248 spectantibus.
449 3189 574 3229 Enim
588 3201 689 3231 vero
705 3191 853 3231 statim
873 3202 921 3232 ac
931 3193 1204 3234 matrimonio
1221 3193 1480 3248 adjungatur
1499 3194 1684 3247 dignitas
1698 3192 1977 3244 sacramenti,
1998 3192 2217 3235 evidenter

128 3242 365 3304 conficitur,
395 3253 450 3295 ad
478 3256 711 3297 Ecclesiam
742 3257 957 3309 pertinere
979 3261 1238 3312 potestatem
1258 3262 1349 3314 ejus
1377 3260 1602 3303 efficaciam
1630 3259 1875 3314 judicandi,
1893 3258 2086 3314 adeoque
2102 3263 2217 3315 pote-

128 3321 283 3361 statem
325 3320 606 3374 decernendi,
631 3322 836 3377 quidnam
861 3327 1149 3367 necessarium
1177 3327 1235 3368 sit
1264 3327 1350 3369 ad'
1337 3329 1474 3383 ipsius
1503 3327 1733 3370 efficaciam
1757 3326 2056 3383 iudicandam,
2087 3328 2217 3370 sicuti

129 3387 388 3441 conspicitur
415 3389 460 3430 in
489 3389 668 3444 reliquis
696 3392 896 3434 omnibus
922 3395 1223 3438 sacramentis.

182 3470 286 3520 Pag.
321 3469 421 3509 555.
446 3472 506 3511 Ex
542 3472 590 3511 G.
611 3471 878 3526 Rechberger
905 3486 1030 3528 opere
1054 3506 1067 3527 ,
1095 3475 1210 3529 quod
1240 3476 1490 3519 inscribitur
1519 3447 1762 3522 :Manuale
1782 3476 1909 3532 μιν-ὗε
1939 3474 2215 3520 ecclesiastici

128 3534 374 3587 Austriaci,
395 3538 497 3578 tom.
528 3540 566 3579 11
580 3569 592 3588 ,
613 3537 636 3592 5
662 3540 755 3581 160.

183 3618 243 3656 Ea
268 3614 319 3656 de
344 3628 473 3658 causa
488 3616 705 3661 decretum
722 3623 806 3671 est,
835 3634 1054 3676 nunquam
1070 3625 1216 3678 negari
1233 3637 1375 3679 posse,
1406 3626 1611 3679 ct‘gratis
1629 3626 1919 3669 concedendas
1941 3638 2034 3669 esse
2048 3625 2218 3680 dispen-

130 3683 338 3734 sationes,
359 3696 466 3737 quas
492 3686 686 3729 nonnulli
714 3688 939 3732 tenerioris
969 3692 1232 3736 conscientiae
1247 3693 1439 3736 homines
1454 3693 1674 3748 postulant
1697 3706 1775 3748 pro
1794 3693 1928 3748 gradu
1952 3692 2221 3748 cognationis

131 3762 154 3790 a
180 3749 271 3804 lege
303 3749 414 3794 civili
444 3752 672 3805 prohibito.
