2612 4146
2102 205 2186 274 93

437 237 558 274 GAP.
608 236 672 272 11.
717 234 786 273 DE
828 234 1083 271 onmlwm
1126 232 1354 271 nummo
1395 232 1463 268 ΕΤ
1504 227 1825 267 DIGMTATE.

85 379 420 440 Christianis
443 424 459 452 ,
494 378 594 459 qui
634 375 816 436 abluti
847 397 995 458 aqua
1033 374 1270 434 salutari
1299 371 1634 433 Sacerdotes
1671 369 2185 451 dicuntur.,'quia‚

93 486 157 533 ut
189 474 383 555 inquit
413 475 468 532 S.
500 472 847 552 Augustinus
868 515 884 546 ‚
915 472 1188 529 membra
1213 479 1359 528 sunt
1381 471 1571 527 unius
1595 467 1925 526 Sacerdotis
1947 464 2056 544 (1).
2085 465 2190 523 Ast

81 568 476 629 Sacerdotium
500 566 736 649 proprie
757 567 980 625 dictum
1009 563 1222 624 nullibi
1244 564 1550 644 Scripturae
1573 559 1843 620 omnibus
1866 559 2189 642 promiscue

80 663 349 722 fidelibus
373 662 642 722 tribuunt
661 687 677 735 ς
701 683 834 720 cum
850 659 1060 718 nullibi
1081 656 1348 717 fidelibus
1372 657 1466 718 vel
1481 667 1829 738 potestatem
1849 653 2189 715 conficiendi

82 769 141 818 et
163 757 539 818 consecrandi
566 756 659 818 vel
683 753 1021 816 remittendi
1055 773 1120 812 ac
1149 749 1442 810 retinendi
1468 761 1699 831 peccata
1720 751 1989 824 tradant3
2014 761 2190 831 atque

82 852 290 912 exinde
310 852 604 934 responsio
633 862 794 932 patet
817 849 890 908 ad
906 846 1135 927 'singula
1156 845 1486 905 testimonia
1511 867 1582 904 ex
1604 846 1914 927 Scripturis
1938 844 2188 927 prolata,

81 948 160 1006 ita
189 958 253 1005 ut
288 970 409 1007 non
449 947 662 1006 diutius
700 948 765 1005 in
799 944 888 1003 his
921 942 1220 1002 immorari
1253 940 1567 1001 debeamus
1599 941 1709 1020 (2).

163 1042 260 1100 43.
307 1045 471 1101 Dices
502 1065 516 1100 z
558 1041 675 1100 Illis
705 1037 975 1098 omnibus
1003 1036 1268 1096 Christus
1295 1035 1632 1095 facultatem
1659 1034 1822 1094 dedit
1848 1035 2192 1095 conficiendi

83 1137 498 1205 Eucharistiam
522 1181 537 1210 a
582 1133 794 1215 quibus
831 1131 1018 1192 dixit:
1054 1132 1185 1191 Hoc
1210 1134 1395 1210 facite
1430 1137 1499 1189 in
1538 1153 1733 1189 meam
1764 1151 2194 1191 commemora-

84 1237 318 1291 tionem.
368 1233 500 1290 Jam
537 1250 675 1288 vero
714 1250 835 1286 non
877 1226 1012 1286 solis
1057 1226 1342 1308 Apostolis
1386 1225 1508 1286 haec
1552 1225 1845 1284 Christus*
1863 1224 2046 1299 dixit,
2089 1225 2195 1284 sed

87 1325 356 1385 omnibus
380 1314 648 1383 fidelibus
669 1368 685 1398 .,
721 1344 864 1403 quos
903 1320 1164 1403 Apostoli
1197 1319 1729 1403 repraesentabant,
1770 1342 1953 1402 quum
1988 1331 2048 1381 et
2083 1320 2194 1401 ipsi

90 1420 343 1480 debeant
374 1418 586 1477 Christi
614 1418 940 1499 passionem
969 1438 1444 1477 commemorare.
1484 1417 1648 1495 ErgO.

165 1514 261 1572 44.
308 1515 482 1594 Resp.
519 1516 661 1593 Neq.
699 1511 1003 1594 Apostolos
1037 1533 1239 1571 omnes
1272 1511 1471 1571 fideles
1499 1522 1980 1593 repraesentasse,
2012 1533 2196 1593 quum

84 1609 168 1672 ad·
185 1631 280 1668 eos
305 1606 564 1668 Christus
591 1629 656 1667 ea
685 1606 867 1668 verba
898 1606 1163 1689 protulit.
1194 1606 1450 1688 Apostoli
1472 1607 1629 1666 enim
1654 1605 2039 1688 multiplicem
2068 1628 2196 1687 per-

85 1725 286 1763 sonam
315 1702 625 1784 gerebantt,
673 1701 971 1762 interdum
1006 1702 1165 1761 enim
1201 1723 1404 1761 omnes
1434 1700 1632 1761 fideles
1651 1745 1669 1775 ‚
1703 1701 2008 1760 interdum
2033 1703 2197 1761 Pres-

85 1797 316 1878 byteros
337 1843 353 1872 .,
401 1796 717 1858 interdum
738 1798 1047 1879 Episcopos
1094 1796 1450 1856 referebant.
1498 1795 1746 1870 Quando
1784 1807 1982 1856 autem
2017 1818 2198 1855 unam

94 1903 192 1950 aut
239 1893 483 1952 alteram
516 1913 826 1974 personam
863 1892 1183 1966 referrent,
1231 1913 1303 1951 ex
1338 1891 1594 1970 subjecta
1632 1892 1874 1951 materia
1914 1903 2090 1973 atque
2126 1912 2199 1951 ex

91 2008 263 2046 sensu
315 1986 667 2046 traditionali
712 1986 972 2068 dignosci
1016 1985 1212 2047 debet.
1264 1986 1416 2047 Cum
1451 1987 1626 2067 igitur
1677 1997 1902 2046 constet
1949 1998 2079 2046 tum
2126 2007 2196 2046 ex

157 2235 220 2298 (l)
243 2236 304 2285 Ut
323 2239 464 2302 magis
478 2246 647 2302 pateat,
663 2253 756 2302 quo
775 2253 913 2285 sensu
927 2245 1097 2285 veteres
1172 2235 1409 2284 catholicas
1423 2235 1643 2284 doctrinae
1660 2245 1970 2301 propugnator
1981 2235 2199 2285 adversus

89 2318 268 2385 objecta
301 2318 640 2385 Scripturarum
678 2319 778 2368 loca
807 2320 1094 2383 acceperint,
1175 2316 1461 2366 Lutheranos
1493 2334 1569 2383 op.
1602 2327 1647 2366 et
1677 2317 1769 2368 loc.
1803 2320 1886 2366 cit.
1925 2315 2198 2382 Apostolum

91 2402 257 2463 juverit
292 2403 523 2465 integrum
553 2411 730 2449 textum
762 2399 813 2449 S.
856 2399 1099 2466 Augustini
1175 2416 1344 2465 nempe
1371 2398 1559 2447 Petrum
1593 2417 1836 2464 usurpasse
1871 2398 2014 2447 verba
2052 2399 2199 2448 Exodi

97 2481 148 2526 in
179 2482 383 2530 medium
412 2483 590 2530 afferre.
632 2481 752 2530 Cum
779 2483 904 2530 enim
927 2481 975 2529 S.
1010 2481 1102 2530 Do·
1176 2498 1254 2530 xlx
1272 2517 1286 2541 ‚
1309 2477 1373 2541 6,
1409 2481 1469 2528 ad
1502 2483 1768 2529 universum
1804 2481 2028 2545 populum
2055 2480 2196 2529 dicta:

96 2570 194 2608 ctor
216 2598 230 2620 ‚
265 2559 336 2609 De
365 2561 516 2610 Civit.
533 2560 625 2610 lib.
654 2581 709 2610 xx
725 2597 742 2623 ‚
766 2579 885 2626 cap„
904 2579 961 2610 10
980 2599 995 2622 ,
1020 2564 1102 2613 ad-

96 2641 298 2690 duxisset
336 2642 474 2691 verba
515 2640 708 2690 Joannis
744 2657 799 2690 ex
835 2642 977 2706 Apoc.
1010 2659 1068 2690 xx
1086 2679 1101 2702 ‚

98 2739 183 2771 20:
197 2723 293 2771 Sed
304 2732 446 2771 erunt
455 2722 729 2771 Sacerdotes
740 2721 832 2772 Dei
846 2731 890 2770 et
906 2722 1103 2780 Christi,
1115 2736 1117 2739 ·

96 2814 140 2853 et
153 2806 422 2869 reqnabunt
434 2822 542 2853 cum
558 2821 610 2853 eo
626 2804 756 2853 mille
769 2807 915 2852 anuis
926 2841 939 2860 ,
957 2806 1103 2854 addit:

96 2886 210 2936 Non
234 2887 394 2951 utique
420 2886 477 2934 de
490 2886 601 2935 solis
618 2886 669 2935 E
661 2888 877 2953 piscopis
890 2894 937 2933 et
959 2890 1109 2935 Pres-

98 2967 271 3032 byteris
308 2967 495 3016 dictum
527 2977 595 3016 est
611 3005 625 3029 ,
668 2970 756 3033 qui
776 2970 973 3034 proprie
991 2970 1105 3034 jam

99 3058 329 3097 vocamur
387 3051 444 3097 in
506 3048 731 3098 Ecclesia
790 3046 1066 3099 Sacerdotes
1088 3069 1108 3112 ‚·

102 3130 184 3177 sed
219 3132 340 3179 sicut
379 3147 540 3180 omues
576 3131 864 3180 christianos
898 3131 1109 3180 dicimus

95 3219 289 3276 propter
314 3215 564 3277 mysticum
592 3213 803 3261 chrisma
821 3250 834 3274 ‚
855 3216 928 3262 sic
948 3230 1109 3263 omnes

103 3289 380 3341 Sacerdotes
400 3329 417 3356 ,
463 3297 689 3360 quoniam
735 3295 946 3344 membra
994 3305 1109 3344 sunt

103 3375 252 3421 unius
266 3371 553 3426 Sacerdotis.
575 3376 646 3427 De
659 3378 832 3443 quibus
845 3377 1100 3443 Apostolus

95 3454 275 3503 Petrus
292 3475 308 3505 .·
319 3456 457 3520 plebs
471 3493 486 3522 ‚
502 3460 662 3524 inquit
683 3497 697 3520 ,
720 3468 886 3508 sancta
900 3495 917 3518 ,
948 3460 1102 3525 reqale

106 3535 460 3589 Sacerdotium.

167 3620 231 3684 (2)
268 3620 364 3670 Nec
389 3621 507 3670 illud
528 3624 834 3674 omittendum
858 3633 954 3686 est,
976 3627 1103 3692 quod

98 3701 303 3754 observat
341 3706 420 3756 cit.
448 3704 477 3754 J
480 3723 585 3755 oan.
621 3705 850 3757 Roffensis
896 3717 1104 3758 strenuus

1182 2557 1281 2609 Vos
1307 2562 1447 2609 eritis
1468 2561 1593 2609 mihi
1610 2562 1667 2609 in
1681 2577 1881 2625 requam
1911 2560 2199 2610 sacerdotale

1181 2650 1224 2689 et
1247 2658 1363 2706 qens
1381 2650 1546 2690 sancta
1567 2679 1580 2702 ‚
1601 2659 1743 2708 eaque
1762 2641 2006 2707 applicasse
2026 2642 2197 2707 populo

1183 2722 1456 2773 Christiano.
1502 2723 1660 2790 ltaque
1680 2759 1697 2786 ‚
1737 2741 1845 2772 cum
1882 2742 1970 2773 nec
2004 2723 2197 2773 Hebraea

1183 2822 1293 2869 gens
1324 2805 1765 2872 unquam‘singulos
1807 2806 1865 2855 de
1899 2806 2070 2871 populo
2094 2824 2197 2856 vere

1184 2885 1453 2936 Sacerdotes
1490 2898 1568 2936 aut
1602 2905 1725 2953 reges
1764 2888 1904 2936 fuisse
1935 2891 2194 2949 censuerit,

1184 2986 1271 3018 nec
1293 2972 1496 3035 cuipiam
1521 2973 1571 3018 in
1600 2980 1803 3018 mentem
1829 2973 2031 3031 venerit,
2058 2987 2197 3019 omne

1184 3049 1501 3100 Sacerdotium
1536 3051 1763 3116 peculiare
1790 3088 1804 3112 ,
1839 3051 2020 3100 visibile
2059 3061 2196 3117 atquc

1184 3124 1422 3182 externum
1452 3151 1478 3181 a
1503 3132 1601 3181 Deo
1625 3136 1724 3198 ipso
1752 3136 1803 3181 in
1839 3134 2012 3181 familia
2045 3132 2196 3181 Aaron

1186 3218 1488 3263 constitutum
1504 3230 1599 3264 esse
1622 3215 1962 3264 excludendum
1979 3247 1996 3275 ,
2029 3217 2094 3263 sic
2115 3233 2197 3265 ne·-

1186 3313 1261 3343 mo
1277 3314 1414 3345 sanus
1428 3314 1582 3346 secum
1600 3299 1755 3346 animo
1772 3298 2065 3361 reputaverit,
2093 3315 2196 3346 om-

1181 3393 1262 3425 nes
1272 3376 1558 3427 Christianos
1573 3381 1636 3427 ita
1644 3377 1908 3427 Sacerdotes
1921 3382 2195 3444 nuncupari,

1185 3467 1238 3506 ut
1272 3459 1559 3510 excludatur
1594 3459 1912 3507 Sacerdotium
1947 3466 2193 3510 externum

1188 3561 1243 3593 ao
1266 3546 1448 3610 proprie
1468 3545 1643 3593 dictum
1663 3561 1689 3590 a
1704 3542 1885 3592 Christo
1904 3546 1954 3592 in
1965 3542 2190 3610 Apostolis

1192 3631 1451 3690 eorumque
1473 3623 1810 3675 successoribus
1833 3627 2147 3677 constitutum.
