2612 4146
307 180 347 236 2
921 198 1251 239 'rusci-Artis
1294 199 1363 234 ne
1405 197 1816 244 manicemus.

311 347 633 424 Superiore
656 345 936 422 leyitimO.
969 342 1141 419 Cujus
1168 338 1521 398 definitionis
1548 341 1596 399 si
1632 343 1810 403 verba
1831 347 2279 428 perpendantur
2307 352 2429 411 sin-

316 440 471 521 gula⁷
506 438 752 521 patebit,
787 439 849 497 1⁰
864 456 1137 519 quaenam
1158 435 1233 492 sit
1262 455 1398 494 vera
1418 455 1483 493 ac
1496 437 1788 519 praecipua
1819 441 2198 523 Indulgentiae
2221 457 2428 506 natura

309 557 375 596 ac
407 536 568 594 notio
594 581 609 608 ‚
654 554 780 616 quae
806 541 1073 593 versatur
1103 527 1294 589 solum
1324 529 1471 589 circa
1495 552 1738 612 poenam
1769 538 2154 619 temporalem
2183 543 2429 622 peccatis

310 632 525 691 nostris
555 629 811 689 debitam
835 636 998 685 extra
1021 625 1211 683 forum
1242 627 1605 686 conscientiae
1636 630 2054 692 remittendam
2078 680 2091 709 ,
2118 637 2431 718 suppositis

298 727 516 788 debitis
560 721 1035 806 dispositionibus
1064 721 1127 780 in
1157 720 1417 800 subjecto
1440 768 1456 795 ‚
1490 734 1549 784 et
1584 723 1782 784 debita
1819 731 2161 789 auctoritate
2205 732 2268 790 in
2295 754 2428 792 con—

303 825 560 898 ferente3
594 822 661 878 20
689 816 973 897 ejusmodi
1012 839 1204 899 poenae
1242 818 1647 878 remissionem
1695 843 1816 880 non
1862 823 2168 886 excludere
2201 828 2426 887 satisfa-

306 920 524 978 ctiones
547 926 776 974 nostras
793 957 810 987 ‚
829 912 934 973 sed
956 934 1050 973 eas
1074 934 1430 995 supponere,
1446 914 1694 996 ideoque
1720 916 2154 998 Indulgentiain
2180 926 2426 1004 spectari

301 1013 514 1073 debere
556 1010 751 1074 veluti·
772 1008 1255 1091 supplementum
1298 1009 1759 1070 satisfactionum
1799 1025 2174 1090 nostrarum,
2215 1017 2424 1078 saltem

300 1107 812 1172 sacramentalium
829 1152 845 1181 ,
872 1127 1191 1188 earumque
1208 1105 1283 1164 ad
1309 1128 1450 1187 quas
1476 1129 1583 1166 nos
1601 1109 1815 1169 excitat
1834 1111 1957 1192 ipsa
1981 1112 2226 1174 interior
2245 1116 2429 1178 animi

291 1206 622 1290 dispositio.¹
664 1226 794 1287 quae
820 1203 974 1265 inest
1003 1201 1241 1264 sincerae
1274 1202 1641 1263 conversioni
1675 1205 1803 1286 (1);
1828 1205 1895 1265 30
1923 1230 2045 1267 non
2070 1230 2193 1270 esse
2234 1209 2429 1270 Indul-

362 1404 436 1468 (l)
472 1401 633 1450 Talem
659 1417 756 1448 esse
788 1398 1006 1446 Ecclesiae
1038 1405 1243 1445 mentem
1264 1398 1314 1444 in

296 1485 693 1550 Indulgentiarum
731 1482 1004 1547 largitione,
1039 1488 1218 1527 constat
1261 1496 1313 1527 ex

291 1569 375 1618 lib.
424 1585 474 1626 1,
516 1567 665 1633 Epist.
710 1582 848 1613 xxxiv
878 1563 929 1612 S.
975 1562 1177 1627 Gregorii
1218 1579 1311 1618 vn,

295 1653 375 1718 qui
394 1649 603 1714 Remigio
622 1648 847 1713 Episcopo
867 1646 1122 1712 plenariam
1152 1643 1314 1692 Indul-

289 1734 491 1799 gentiam
532 1733 797 1795 exposcenti
838 1730 1068 1793 rescripsit
1103 1744 1118 1776 ε
1150 1725 1310 1775 Abso-

294 1814 527 1863 lutionem
559 1819 868 1879 peccatorum
913 1819 1105 1859 tuorum
1129 1847 1144 1872 ,
1187 1812 1314 1859 sicut

295 1899 476 1963 roqasti
492 1934 506 1953 ‚
551 1897 835 1944 auctoritate
874 1890 1125 1960 Principis
1173 1893 1310 1959 Apo-

287 1979 509 2030 stolorum
517 1978 636 2045 fulti
649 1978 742 2026 tibi
755 1979 938 2027 mittere
951 1977 1157 2042 diqnum
1171 1976 1311 2026 duzei-

290 2081 398 2113 mus
409 2082 431 2125 ,·
466 2065 511 2114 si
532 2071 694 2111 tamen
709 2096 727 2122 ,
749 2060 885 2109 bonis
907 2060 1129 2127 operibus
1150 2059 1310 2109 inlace-

287 2146 441 2199 rendo
460 2184 472 2208 ‚
491 2145 768 2193 commissos
787 2141 1307 2209 excessusplanqendo‚

288 2236 526 2294 quantum
553 2225 790 2283 valueris,
820 2226 1033 2291 corporis
1063 2226 1140 2272 tui
1163 2223 1306 2272 habi-

285 2311 497 2361 taculum
527 2308 635 2358 Deo
662 2307 901 2356 mundum
915 2306 1143 2373 templum
1167 2307 1307 2355 eschi-

286 2394 464 2442 bueris.
482 2393 621 2441 Card.
641 2392 865 2440 Baronius
884 2390 941 2439 ad
953 2407 1133 2439 annum
1158 2390 1303 2456 1073,

286 2497 338 2528 n.
379 2494 436 2544 7¹
459 2516 472 2538 ,
504 2487 751 2543 postquam
781 2493 885 2525 eam
917 2477 1189 2524 sententiam
1225 2492 1306 2523 ex-

288 2564 439 2627 posuit
469 2578 484 2609 :
523 2559 593 2610 Ut
630 2567 893 2625 appareat,
938 2560 1126 2624 inquit,
1161 2554 1308 2607 Sedis

289 2642 579 2713 Apostolicoe
639 2640 986 2706 Indulqentias
1031 2639 1140 2693 illis
1179 2657 1306 2689 com-

287 2725 539 2774 municari
567 2761 581 2784 ‚
628 2723 714 2789 qui
730 2759 745 2783 ‚
783 2731 1018 2787 quantum
1048 2731 1310 2789 suppetunt

284 2809 408 2858 vires
426 2846 439 2869 ,
460 2807 575 2855 bene
590 2807 780 2872 operari
794 2822 893 2854 non
905 2807 1279 2872 praetermittunt
1287 2827 1305 2863 ;

284 2907 385 2939 non
413 2898 571 2938 autem
610 2889 803 2953 iqnavis
828 2923 842 2950 ,
872 2888 1037 2936 otiosis
1067 2903 1124 2936 ac
1149 2886 1304 2952 neqli-

286 2973 450 3039 qentia
481 2969 870 3037 torpescentibus.
903 2969 1000 3018 Nee
1033 2976 1166 3019 vacat
1195 2969 1309 3018 alias

290 3057 347 3104 ad
372 3054 421 3104 id
447 3036 794 3103 conficiendum
834 3069 1082 3117 congerere
1106 3054 1308 3101 auctori-

290 3149 433 3197 tates,
479 3155 586 3186 cum
625 3137 868 3184 unanimes
911 3134 1138 3201 Theologi
1169 3137 1219 3182 in
1257 3150 1310 3183 ea

290 3221 520 3269 sententia
565 3221 676 3267 sint.
725 3216 795 3265 Ne
847 3227 1002 3266 tamen
1038 3219 1310 3282 praestitutos

290 3303 460 3351 limites
503 3299 929 3366 praetergrediamur
958 3334 974 3359 ,
1022 3301 1195 3366 juverit
1233 3299 1310 3347 hic

291 3382 569 3446 exscribere,
594 3399 698 3448 quae
714 3382 856 3432 habet
884 3381 1061 3431 Bened.
1099 3398 1193 3439 xiv,
1216 3380 1309 3428 In-

288 3467 389 3515 stit.
434 3481 511 3512 ιιιι
553 3482 566 3512 :
607 3463 754 3513 Card.
797 3463 1059 3531 Cajetanus
1094 3463 1160 3514 ad
1194 3463 1310 3514 obti-

288 3545 498 3596 nendam
549 3545 911 3609 Indulqentiam
965 3547 1153 3595 censuit
1209 3563 1310 3595 non

289 3629 425 3677 modo
439 3625 742 3694 praescriptis
762 3628 981 3692 operibus
999 3629 1311 3693 satisfacien-

284 3712 400 3760 dum
420 3749 433 3774 ‚
462 3710 543 3759 sed
564 3712 711 3760 etiam
748 3712 1014 3760 necessario
1036 3709 1305 3759 deliberan-

1401 1395 1518 1444 dum
1534 1433 1551 1454 ‚
1584 1396 1795 1446 salutari
1826 1400 2115 1465 paenitentia
2154 1402 2423 1471 criminum

1399 1478 1526 1527 labes
1547 1480 1869 1549 peculiariter
1895 1483 2106 1549 empiare.
2149 1483 2302 1535 card.
2324 1485 2422 1534 Ca-

1382 1563 1614 1628 jetanum
1661 1563 1920 1613 Navarrus
1953 1582 2140 1631 quoque
2173 1569 2424 1632 sequitur;

1397 1643 1509 1692 licet
1547 1644 1639 1693 alii
1666 1644 1836 1711 plures
1871 1663 1976 1694 eam
2011 1650 2298 1696 sententiam
2339 1667 2423 1698 ne-

1396 1743 1639 1792 quaquam
1660 1728 1868 1794 probent
1881 1750 1901 1786 ;
1924 1738 1970 1777 et
1980 1746 2065 1778 nos
2082 1732 2185 1796 ipsi
2203 1766 2219 1792 ,
2240 1731 2422 1796 quibus

1397 1811 1692 1875 opinionum
1705 1813 1895 1860 novitas
1909 1811 2146 1879 displicet,
2167 1813 2303 1862 illam
2311 1831 2410 1880 pa·-

1395 1894 1516 1941 riter
1529 1895 1826 1945 omittamus.
1843 1893 2048 1945 Nullum
2065 1897 2241 1962 quippe
2258 1895 2412 1962 diplo-

1393 1991 1475 2024 ma
1487 1975 1809 2041 Pontificium
1818 1994 1910 2043 pro
1923 1977 2416 2029 concedendislndul-

1389 2061 1569 2123 qentiis
1581 2077 1794 2125 unquam
1809 2060 2040 2121 vidimus,
2058 2062 2114 2109 in
2129 2078 2221 2126 quo
2237 2079 2292 2114 ea
2306 2062 2412 2109 sin·

1388 2141 1579 2205 qularis
1610 2143 1820 2190 conditio
1844 2144 2158 2208 proeferatur.
2189 2140 2413 2208 Sz‘nqulis

1390 2232 1553 2272 tamen
1610 2224 1762 2274 Card.
1805 2223 2104 2273 Bellarmini
2143 2224 2411 2273 doctrinam

1386 2306 1758 2376 proponendam
1810 2306 2039 2355 discimus
2072 2326 2088 2354 .·
2140 2306 2414 2373 Accipiunt

1383 2389 1648 2455 prudentes
1670 2388 1949 2438 Christiani
1972 2388 2303 2454 indulqentias
2319 2428 2332 2450 ‚
2359 2399 2413 2438 ut

1390 2471 1541 2522 simul
1555 2474 1703 2521 etiam
1722 2473 1946 2520 studeant
1973 2472 2146 2537 diqnos
2175 2475 2415 2538 poeniten·

1393 2557 1477 2604 tioe
1503 2557 1698 2620 fructus
1723 2556 1901 2620 facere.
1927 2555 2061 2606 Illam
2087 2555 2228 2605 Card.
2264 2554 2412 2604 Palla-

1392 2641 1575 2689 viciuus
1597 2675 1612 2698 ‚
1647 2657 1755 2690 cum
1783 2639 1841 2688 de
1884 2656 1973 2687 usu
2011 2637 2412 2704 Indulgentiarum

1393 2739 1651 2772 sermonem
1683 2720 1824 2769 habet
1845 2757 1859 2779 ‚
1881 2721 1953 2767 his
1988 2720 2136 2767 verbis
2174 2720 2369 2785 explicat
2402 2737 2414 2765 ε

1392 2803 1561 2867 Neque
1573 2799 1855 2865 sanefi'deles
1868 2792 2280 2866 indulqentiarnm
2295 2816 2413 2847 cau-

1393 2901 1447 2932 sa
1473 2882 1765 2948 neqliqentes
1774 2883 1908 2947 fiunt
1922 2922 1939 2943 ,
1969 2891 2021 2930 ut
2029 2899 2122 2948 pro
2138 2898 2413 2948 eaepurqan-

1393 2966 1471 3015 dis
1487 2966 1782 3015 criminibus
1796 2964 1898 3013 alia
1911 2967 2115 3031 pietatis
2144 2981 2287 3032 opera
2304 2963 2412 3011 Deo

1394 3051 1595 3097 minime
1620 3047 1915 3115 persolvant.
1949 3047 2074 3095 Cum
2106 3045 2240 3095 enim
2272 3049 2413 3096 anci-

1383 3133 1513 3199 pites
1541 3134 1660 3191 sint,
1689 3140 1852 3178 utrum
1869 3133 2029 3196 reipsa
2046 3127 2412 3194 Indulqentiam

1393 3215 1493 3262 sibi
1523 3214 1818 3273 meruerint,
1850 3212 2047 3260 stimulo
2090 3212 2295 3276 quodam
2334 3214 2413 3260 in-

1392 3298 1638 3357 citantur,
1668 3303 1725 3343 ut
1744 3311 1837 3361 pro
1871 3293 2047 3345 coelesti
2082 3293 2415 3342 hoc'tliesauro

1392 3380 1543 3427 tutius
1577 3377 1925 3451 ‘comparando
1977 3379 2141 3428 varias
2186 3377 2413 3426 salutaris

1384 3463 1686 3531 poenitentiae
1714 3462 1926 3510 rationes
1945 3461 2293 3529 aqqrediantur
2307 3478 2330 3522 ‚·
2352 3475 2412 3507 eat

1393 3545 1492 3595 alia
1528 3553 1667 3611 parte
1711 3545 1935 3610 injuncta
1979 3545 2178 3612 pietatis
2224 3546 2364 3610 opera
2392 3578 2406 3599 ‚

1394 3631 1442 3678 si
1452 3629 1578 3694 fiant
1594 3667 1610 3689 ,
1635 3625 1851 3676 studium
1875 3625 2127 3692 reliqionis
2144 3626 2407 3690 adauqent.
