2508 4120
278 103 399 163 220
922 121 1239 162 'tasoni-us
1280 120 1351 162 lm
1393 124 1771 167 nummum.

279 271 384 328 Sic
426 290 532 328 nos
573 268 870 326 eaeistimet
913 266 1081 325 homo
1130 277 1202 325 ut
1238 270 1548 328 ministros
1603 270 1832 330 Christi
1873 281 1929 330 et
1971 273 2404 355 dispensatores

279 365 713 444 flIysterz'orum
742 360 857 440 (id
893 373 982 421 est
1020 364 1590 446 Sacramentorum)
1628 367 1786 436 Det}
1834 387 1964 448 quae
2002 389 2135 429 cum
2174 371 2402 430 nullam

281 457 682 538 exceptionem
727 457 1063 538 patiantur,
1103 459 1280 517 etiam
1319 460 1756 521 Sacramentum
1803 462 2162 522 Matrimonii
2206 466 2401 526 inclu-

281 553 470 627 dunt,
512 550 669 633 quod
701 564 1009 634 propterea
1049 554 1231 613 etiam
1267 577 1299 613 a
1336 556 1742 616 Sacerdotibus
1781 557 2179 617 administrari
2207 559 2400 622 debet.

282 647 453 705 Hisce
477 649 836 726 argumentis
861 648 999 708 alias
1025 649 1256 709 addunt
1278 652 1533 711 rationes
1558 652 1758 711 ductas
1781 652 1853 711 ab
1877 653 2202 736 aliquarum
2230 656 2405 736 Syno-

281 742 494 801 dorum
513 745 860 803 auctoritate
881 791 897 819 .,
933 767 1066 827 quae
1094 758 1308 805 vocant
1332 746 1667 806 Sacerdotes
1690 750 2046 808 Matrimonii
2069 751 2405 826 ministros3

281 860 312 896 a
340 838 694 920 profanitate
720 841 1146 921 conjugiorum,
1172 841 1381 923 quibus
1410 843 1527 902 nisi
1549 843 1737 902 forma
1762 844 1956 926 aliqua
1980 845 2073 906 vel
2087 846 2231 904 ritus
2249 867 2410 905 sacer

281 934 551 1009 accedat,
595 935 744 995 nihil
773 938 918 996 sacri
947 938 1288 1014 continent,
1316 960 1445 1020 quae
1470 950 1751 1021 praeterea
1775 940 1908 998 solis
1936 941 2235 1001 interdum
2257 942 2413 1000 nuti-

280 1030 391 1090 bus
429 1044 606 1114 atque
649 1033 804 1093 inter
837 1032 1110 1093 absentes
1145 1035 1406 1094 contrahi
1441 1047 1716 1117 possunt3
1750 1058 1781 1095 a
1817 1035 2044 1095 defectu
2067 1037 2412 1096 intentionis

282 1128 345 1186 in
398 1129 883 1190 contrahentibus
931 1129 1277 1188 conficiendi
1325 1132 1769 1190 Sacramentum
1800 1176 1817 1208 ‚
1879 1132 2004 1191 sine
2050 1154 2162 1214 qua
2212 1143 2413 1192 tamen

282 1225 727 1284 Sacramentum
748 1226 952 1285 confici
973 1226 1216 1307 nequit3
1243 1247 1275 1284 a
1301 1228 1602 1305 sanatione
1633 1228 2057 1307 conjugiorum,
2081 1239 2146 1286 ut
2176 1239 2410 1304 vocant,

282 1325 353 1380 in
390 1323 629 1396 radice,
664 1322 807 1403 quin
838 1343 1027 1382 novus
1058 1343 1373 1382 consensus
1398 1345 1470 1382 ex
1493 1322 1675 1384 altera
1703 1335 1870 1406 parte
1905 1325 2233 1406 requiratur
2252 1371 2266 1399 ,
2296 1345 2412 1407 quo

281 1416 346 1474 in
376 1438 509 1475 casu
535 1439 670 1477 curn
691 1440 813 1476 non
838 1417 1128 1478 habeatur
1149 1429 1474 1479 contractus
1492 1465 1507 1493 ‚
1546 1441 1655 1479 nec
1687 1422 2127 1482 Sacramentum
2163 1419 2413 1479 habere-

283 1522 382 1570 tur
416 1513 506 1592 (l)
536 1538 551 1588 ς
593 1536 624 1572 a
658 1515 808 1572 mira
839 1513 1091 1595 denique
1120 1516 1463 1596 opinionum
1497 1515 1884 1596 discrepantia
1917 1517 2071 1575 inter
2096 1515 2413 1596 Theologos

282 1607 541 1670 adversae
580 1609 917 1686 sententiaa,
960 1608 1104 1668 dum
1133 1610 1196 1668 in
1229 1633 1330 1670 sua
1373 1610 1684 1694 hypothesi
1726 1612 2032 1671 materiam
2066 1623 2126 1672 et
2164 1612 2415 1671 formam

283 1703 528 1766 definire
556 1718 803 1766 certant.
958 1774 964 1780 ,

371 1800 474 1860 40.
523 1801 911 1860 Bellarminus
934 1813 993 1861 et
1016 1802 1116 1884 qui
1148 1800 1221 1860 ab
1255 1822 1323 1860 eo
1350 1813 1490 1860 sunt
1515 1815 1623 1884 pro
1647 1803 1887 1884 antiqua
1911 1802 2415 1884 communiorique

288 1896 580 1955 sententia
626 1897 844 1956 tuenda
881 1897 1221 1956 innituntur
1273 1898 1337 1955 1ο
1385 1898 1728 1958 auctoritate
1778 1899 2019 1979 Eugenii
2061 1900 2170 1974 IV,
2214 1899 2314 1980 qui
2352 1898 2416 1956 in

286 1992 582 2051 Instrzzct.
605 2014 725 2072 pro
763 1994 1052 2053 Armenia
1080 2015 1100 2052 .·
1134 1996 1514 2074 Septimum,
1554 1994 1749 2075 inquit
1773 2039 1790 2071 ,
1828 2006 1913 2053 est
1952 1997 2415 2054 Sacramentum

287 2087 722 2147 illatrz'monii..
738 2135 749 2146 .
785 2089 987 2148 Causa
1004 2090 1253 2168 efficiens
1276 2091 1700 2159 Matrimonii,
1716 2092 2079 2169 reyalariter
2099 2090 2416 2168 loquenda,

287 2192 373 2240 est
408 2193 663 2242 mutuus
695 2205 1012 2243 consensus
1030 2206 1153 2264 per
1182 2186 1363 2244 verba
1397 2186 1468 2243 de
1486 2189 1781 2265 proesentz'
1809 2206 2118 2264 ea‘pressus
2153 2185 2272 2263 (2);
2307 2203 2416 2243 nec

361 2475 423 2539 (l)
462 2473 527 2524 Ea
559 2476 773 2540 conjugia
790 2476 845 2523 ‘in
878 2474 1041 2523 radice
1058 2477 1209 2523 sanari
1239 2472 1313 2523 di-

292 2568 462 2607 cuntur
482 2597 496 2619 ,
536 2575 638 2625 quae
671 2568 902 2607 contracta
937 2568 1047 2606 sunt
1077 2575 1185 2606 cum
1225 2558 1311 2605 ali-

292 2657 388 2706 quo
418 2641 597 2688 occulto
628 2641 967 2706 impedimento
990 2640 1278 2689 diririmente
1297 2678 1310 2701 ‚

294 2740 349 2771 ac
362 2723 621 2788 periculum
636 2725 796 2782 instat,
819 2741 899 2782 ne,
914 2727 950 2770 si
974 2723 1179 2771 alterutri
1195 2740 1307 2771 con-

290 2808 457 2872 jugum
475 2805 523 2852 id
553 2807 858 2854 innotesceret
885 2842 898 2864 ,
931 2804 1179 2852 retraheret
1207 2820 1256 2852 se
1287 2822 1313 2852 a

296 2885 529 2954 conjugali
557 2891 771 2936 societate
801 2904 973 2952 magno
1006 2904 1114 2934 cum
1155 2886 1315 2950 populi

298 2970 516 3020 scandalo
534 2980 577 3019 et
600 2970 739 3035 prolis
771 2980 995 3034 susceptae
1016 2969 1313 3018 detrimento.

298 3054 359 3103 In
387 3055 459 3103 his
487 3072 643 3103 rerum
689 3053 922 3120 adjunctis
953 3055 1231 3119 permittitur
1262 3069 1316 3101 ac

299 3141 435 3190 etiam
452 3139 668 3188 suadetur
689 3175 702 3199 ,
722 3148 773 3186 ut
790 3138 904 3186 alter
926 3140 1175 3203 conjugum
1201 3173 1215 3202 ‚
1235 3138 1316 3203 qui

300 3223 695 3287 impedimentum
721 3223 850 3269 novit
872 3258 885 3280 ‚
908 3230 1097 3269 renovet
1123 3237 1317 3268 consen-

302 3323 405 3353 sum
426 3317 504 3354 aut
530 3323 738 3372 expresse
761 3316 838 3354 aut
855 3304 993 3353 tacite
1019 3322 1128 3352 cum
1155 3305 1314 3353 alteru.

303 3386 434 3453 Quod
471 3392 506 3437 si
536 3401 579 3438 et
603 3393 652 3438 in
679 3390 770 3438 hoc
800 3387 1033 3456 quoddam
1060 3388 1315 3453 periculum

304 3470 723 3535 deprehenderetur
743 3511 755 3533 ‚
781 3472 978 3522 etambo
1004 3473 1220 3537 conjuges
1250 3472 1317 3533 ig-

305 3563 471 3602 norent
503 3554 766 3602 nullitatern
796 3556 998 3622 conjugii
1016 3553 1317 3619 ‚relinquun-

307 3647 413 3693 tur,
458 3645 510 3684 ut
544 3638 709 3698 aiunt,
762 3640 811 3686 in
851 3638 972 3686 bona
1005 3636 1096 3687 fide
1122 3674 1135 3698 ‚
1167 3654 1246 3685 seu
1274 3636 1343 3682 in·

1398 2476 1696 2540 persuasione
1727 2474 1785 2523 de
1814 2474 1964 2522 valore
1987 2475 2089 2522 initi
2117 2472 2417 2522 Matrimonii.

1400 2557 1510 2605 Haec
1550 2567 1706 2605 autem
1738 2557 1915 2622 phrasis
1934 2594 1948 2617 ‚
1995 2555 2051 2604 de
2080 2559 2331 2604 sanatione
2361 2557 2417 2603 in

1401 2638 1589 2705 radipe,
1611 2649 1710 2688 orta
1730 2657 1783 2688 ex
1806 2657 1859 2688 eo
1878 2649 1972 2699 est,
1998 2639 2120 2704 quod
2150 2656 2231 2702 per
2255 2654 2416 2703 quam-

1402 2723 1509 2771 dam
1567 2721 1805 2769 fictionem
1841 2723 1957 2786 juris
2024 2730 2231 2768 censetur
2275 2719 2414 2767 Rom.

1403 2804 1618 2852 Pontifex
1637 2805 1904 2869 dispensare
1927 2802 1986 2850 ab
2004 2799 2087 2850 illo
2106 2801 2418 2866 impedimen-

1403 2897 1449 2935 to
1467 2923 1481 2947 ‚
1509 2897 1756 2953 antequam
1790 2885 2108 2934 contrahentes
2139 2885 2300 2933 darent
2314 2902 2419 2934 con·

1403 2986 1609 3018 sensum.

1474 3051 1540 3114 (2)
1580 3048 1649 3097 In
1693 3049 1873 3115 decreto
1904 3050 2077 3097 anion.
2123 3047 2250 3114 apud
2303 3049 2425 3098 Har-—

1406 3134 1541 3182 duin.
1593 3133 1689 3184 loc.
1741 3135 1821 3181 cit.
1873 3131 2098 3180 Nonnulli
2146 3133 2418 3180 cavillantur

1405 3220 1526 3265 circa
1573 3216 1764 3281 Eugenii
1807 3214 1945 3263 verba
1975 3232 1988 3262 ε
2026 3214 2187 3262 Causa
2213 3215 2420 3280 efficiens

1409 3300 1725 3351 Matrimonii
1755 3335 1769 3359 ,
1807 3315 1915 3346 cum
1963 3298 2174 3346 debuerit
2214 3298 2365 3345 dicere
2406 3313 2421 3344 z

1410 3381 1573 3431 Causa
1589 3379 2097 3448 efficiensSacr-amenti
2112 3378 2429 3438 matrimonia}

1407 3485 1460 3515 ex
1483 3486 1575 3534 quo
1593 3467 1819 3526 inferunt,
1837 3464 2101 3530 Eugenium
2119 3465 2176 3511 de
2202 3463 2303 3511 solo·
2319 3477 2428 3508 con-

1410 3561 1556 3599 tractu
1577 3551 1673 3597 haec
1697 3549 1863 3597 dixisse
1881 3586 1895 3612 ‚
1931 3567 1984 3597 eo
2007 3550 2151 3612 magis
2183 3544 2306 3611 quod
2330 3545 2428 3607 ipse

1408 3634 1607 3683 noluerit
1623 3634 1981 3681 controversiam
2010 3633 2062 3678 in
2096 3627 2264 3677 scholis
2286 3626 2431 3690 agita-
