2508 4120
276 120 395 182 372
910 133 1232 176 TRA'CTATUS
1278 133 1345 176 DE
1389 134 1775 174 mummomo.

272 284 472 344 inferri
500 279 706 361 nequit
734 323 751 353 ,
787 279 868 339 sic
892 281 1062 339 Rom.
1101 281 1409 339 Pontifices
1441 301 1501 338 se
1526 300 1724 358 gerere
1765 278 1978 340 debere
2023 284 2086 342 in
2119 286 2247 347 *aliis
2293 291 2399 348 ad-

261 378 479 459 junctis
501 420 517 449 ,
566 373 891 455 praesertim
932 396 1069 433 cum
1116 375 1308 455 agitur
1341 375 1417 434 de
1454 374 1787 433 animarum
1825 378 2079 457 pernicie
2101 424 2117 451 ,
2158 392 2218 439 et
2249 384 2396 446 fides

268 469 645 554 periclitatur.
676 469 891 549 Regula
914 471 1063 549 juris
1094 480 1183 529 est
1203 516 1219 543 ,
1271 470 1431 552 quod
1458 471 1724 552 exceptio
1761 471 1957 532 firmet
1990 472 2178 554 legem
2201 475 2313 557 (l).

1474 567 1519 605 a
1928 593 1932 598 ,

1074 648 1483 702 PROPOSITIO
1526 651 1592 703 ΙΙ.

263 779 539 838 Nonnisi
588 780 860 840 Romani
903 779 1214 856 Pontificis
1264 779 1707 857 dispensatione
1758 780 1914 837 licite
1951 793 2209 860 possunt
2244 787 2403 843 iniri

345 879 631 956 cony‘uyz'a
667 879 901 943 mia-tm·
926 879 1198 954 yraviter
1211 874 1472 952 proinde
1485 885 1815 953 peccarent
1843 875 2182 936 Sacerdotes
2205 880 2403 939 catho-

340 974 488 1044 izei,
525 975 639 1051 qui
664 973 889 1050 absque
908 970 1227 1050 pontificia
1253 956 1732 1048 dispensatione,
1771 992 1878 1028 nec
1912 976 2163 1031 servatis
2193 971 2404 1032 condi-

332 1069 611 1128 tionibus
676 1069 755 1126 ab
804 1089 866 1126 eo
904 1069 1291 1146 praescriptis
1316 1109 1340 1137 ,
1385 1066 1683 1143 ejusmodi
1735 1070 2022 1146 corvjchia
2070 1075 2399 1148 praesentia

342 1186 455 1224 sua
475 1211 491 1241 ,
538 1165 944 1223 benediccione
961 1206 981 1235 ,
1021 1164 1209 1221 aliove
1241 1164 1370 1221 ritu
1404 1183 1577 1220 sacro
1605 1162 2066 1221 cohonestarenc.

339 1315 484 1376 284.
535 1316 674 1375 Haec
687 1314 1006 1397 propositio
1024 1311 1230 1372 eadem
1245 1310 1597 1371 certitudine
1613 1310 1835 1393 gaudet
1857 1332 1972 1392 qua
2003 1312 2356 1373 antecedens
2379 1360 2394 1389 ,

259 1424 465 1495 utpote
505 1410 769 1490 ejusdem
800 1410 1129 1491 legitimum
1165 1407 1570 1480 corollarium,
1614 1406 1774 1489 quod
1812 1417 1871 1466 et
1908 1406 1991 1466 de⁴
2018 1406 2399 1491 subsequenti

260 1507 335 1567 ob
367 1507 640 1567 eamdem
675 1507 969 1565 rationem
1000 1504 1249 1584 intelligi
1286 1502 1484 1562 debet.

341 1603 484 1662 285.
542 1605 681 1661 Tres
711 1622 887 1682 porro
916 1600 1227 1659 enunciata
1253 1598 1440 1658 thesis
1469 1609 1665 1679 partes
1687 1597 2131 1678 complectitur:
2169 1600 2232 1657 1ο
2264 1621 2400 1659 con-

256 1697 439 1756 nubia
480 1698 667 1755 mixta
726 1695 1159 1755 Catholicorum
1211 1715 1347 1753 cum
1395 1692 1726 1752 acatholicis
1769 1714 1842 1752 ex
1882 1695 2052 1751 Rom.
2101 1695 2395 1769 Pontificis

257 1791 699 1874 dispensatione
733 1790 889 1848 licite
914 1790 1050 1848 iniri
1079 1810 1286 1870 posse,
1321 1780 1659 1846 20nonnisi
1689 1788 1907 1868 praevia
1932 1788 2162 1846 Summi
2200 1789 2395 1848 Ponti-

253 1888 375 1946 ficis
406 1885 866 1967 dispensatione,
902 1885 1262 1966 servatisque
1302 1881 1733 1942 conditionibus
1772 1882 1845 1941 ab
1898 1903 1966 1942 eo
2001 1883 2352 1964 praescriptis
2378 1930 2395 1960 ,

256 2004 431 2066 posse
467 1981 624 2042 licite
672 1980 990 2056 celebrari,
1039 1981 1104 2040 3⁰
1149 1980 1424 2051 demum,
1480 1977 2043 2061 quod'consequens
2087 1990 2215 2054 est,
2263 2001 2391 2040 reos

254 2080 383 2139 fieri
415 2100 609 2138 coram
649 2080 770 2137 Deo
806 2076 1144 2137 Sacerdotes
1191 2074 1504 2160 catholicos
1532 2096 1633 2135 seu
1669 2065 1953 2156 parochos
1974 2120 1990 2149 ,
2026 2076 2127 2156 qui
2163 2073 2383 2156 absque

256 2174 518 2254 legitima
547 2172 851 2248 facultate,
897 2194 1006 2231 nec
1045 2172 1288 2249 servatis
1330 2170 1684 2252 praescriptis
1729 2169 2201 2247 conditionibuS,
2242 2169 2386 2230 tales

256 2269 494 2351 nuptias
525 2270 972 2348 conjungerent.
1249 2341 1255 2344 ἢ
2389 2251 2391 2254 ⁴

338 2366 482 2425 286.
528 2367 661 2424 Jam
704 2385 843 2425 vero
882 2366 961 2422 sic
1000 2384 1131 2421 eam
1171 2361 1367 2443 quoad
1400 2362 1658 2443 primam
1695 2372 1928 2442 partem
1964 2360 2323 2421 adstruimus
2368 2385 2382 2421 :

255 2465 338 2522 Ex
376 2461 543 2521 dictis
577 2460 842 2539 conjugia
874 2460 1059 2518 mixta
1089 2458 1222 2517 ideo
1264 2457 1463 2517 illicita
1498 2468 1638 2515 sunt
1658 2502 1674 2531 ,
1710 2450 1845 2538 quia
1873 2462 2006 2535 jure
2040 2457 2293 2516 naturali
2326 2469 2388 2517 et

254 2558 457 2621 divino
474 2555 910 2640 improbantur,
936 2555 1233 2637 potissime
1266 2555 1490 2613 ratione
1516 2552 1759 2635 periculi
1776 2554 2189 2634 perversionis,
2222 2553 2380 2634 quod

254 2657 394 2740 ipsis
416 2657 603 2732 inest,
644 2666 701 2716 et
728 2655 862 2736 quia
893 2658 1024 2732 jure
1062 2652 1442 2712 ecclesiastico
1467 2662 1604 2710 sunt
1627 2649 1955 2737 interdicta.
1994 2651 2050 2710 Si
2072 2654 2383 2733 propterea

255 2774 363 2836 per
408 2753 792 2834 conditiones·
828 2748 903 2809 ab
964 2748 1210 2809 Ecclesia
1265 2748 1636 2830 praescriptas
1683 2757 2055 2805 removeatur
2100 2744 2384 2823 ejusmodi

254 2847 617 2931 perieulum,
667 2859 727 2907 et
777 2849 1072 2905 Romanus
1115 2844 1419 2919 Pontifex,
1482 2853 1686 2924 utpote
1728 2863 2071 2923 supremum
2122 2840 2381 2901 Ecclesiae

257 2956 432 3026 caput
459 2990 475 3018 ,
501 2965 534 3002 a
563 2943 688 3022 lege
722 2940 1102 3001 ecclesiastica
1125 2939 1424 3020 dispenset
1442 2983 1456 3012 ,
1495 2937 1644 2996 nihil
1671 2935 1942 3018 impedit,
1971 2937 2284 3018 quominus
2311 2958 2377 2997 ea

258 3040 518 3120 conjugia
547 3037 702 3098 licite
732 3038 867 3096 iniri
896 3035 1151 3095 valeant.

326 3206 391 3269 (l)
427 3204 547 3253 Satis
602 3203 737 3252 nobis
792 3202 868 3250 hic
922 3203 980 3249 sit
1022 3200 1277 3249 describere
1358 3199 1413 3247 id
1435 3200 1578 3246 unice
1605 3197 1706 3245 Nos
1731 3197 1893 3262 facere
1916 3232 1932 3259 ‚
1967 3206 2020 3245 ut
2043 3204 2223 3246 sanctas
2248 3195 2381 3246 Reti-

256 3287 397 3337 verba
439 3286 678 3337 Benedicti
711 3302 788 3334 xlv
804 3321 818 3341 ‚
859 3286 939 3349 qui
965 3320 978 3343 ‚
1014 3300 1122 3331 cum
1157 3300 1277 3332 asse·
1356 3282 1496 3346 yioni
1520 3290 1696 3329 nostroe
1722 3282 1908 3346 maJora
1925 3279 2103 3327 damna
2121 3280 2377 3327 evitentur.

257 3372 423 3419 ruisset
441 3387 487 3417 se
510 3368 738 3418 nonnulla
775 3366 1063 3415 dissimulare
1095 3367 1146 3412 in
1180 3366 1275 3413 dis·
1360 3365 1476 3429 Quae
1499 3363 1635 3413 verba
1663 3373 1852 3427 usurpat
1878 3379 1931 3410 ac
1947 3378 2027 3410 sua
2057 3361 2165 3410 facit
2182 3362 2293 3410 Pius
2311 3378 2376 3423 vr,

255 3450 605 3518 pensationibus
642 3453 768 3499 circa
793 3450 1085 3498 Matrimonia
1098 3450 1239 3495 mixta
1259 3485 1271 3507 ‚
1356 3445 1408 3494 in
1436 3450 1518 3495 cit.
1543 3447 1799 3511 Rescripto
1824 3445 1883 3493 ad
1930 3444 2068 3493 Card.
2106 3445 2165 3493 de
2204 3444 2239 3491 F
2242 3459 2375 3492 ranc-

257 3536 323 3582 sic
343 3535 489 3598 pergit
512 3548 526 3579 z
553 3531 698 3598 Quod
709 3541 867 3580 autem
882 3547 1014 3579 nunc
1033 3529 1264 3595 facimus,
1355 3528 1573 3594 lamberg,
1591 3529 1712 3593 apud
1732 3527 1900 3588 Moser,
1922 3544 1999 3592 op.
2025 3525 2108 3576 cit.
2130 3543 2231 3591 pag.
2263 3541 2278 3572 1
2292 3538 2373 3588 70·

247 3624 535 3665 attestamur
570 3612 664 3662 eibi
700 3614 764 3662 ad
797 3612 945 3680 pedes
990 3609 1233 3677 Crucifixi
1252 3643 1267 3663 ,
