2612 4146
335 183 415 241 20

955 201 1273 243 TRAc‘rA‘rus
1315 200 1384 237 DE
1429 200 1836 244 INDULGENTHS.

419 351 520 409 41.
570 351 845 432 Apertam
871 347 1150 407 doctrinae
1185 343 1481 403 catholicae
1507 348 1817 408 veritatem
1849 350 1931 413 ita,
1959 352 2335 416 invictissime
2365 380 2458 416 os-

333 445 631 505 tendimus
654 436 1070 522 :Indulgentiae
1096 461 1230 500 vere
1254 438 1558 500 hominem
1582 440 1834 504 liberant
1853 469 1882 504 a
1907 459 2071 506 reatu
2092 470 2307 530 poeuae,
2339 474 2460 512 non

336 541 525 601 solum
557 542 620 598 in
646 541 769 598 foro
802 548 1045 597 externo
1074 556 1269 594 coram
1299 534 1543 595 Ecclesia
1569 582 1585 612 ,
1626 538 1728 597 sed
1750 543 1941 602 etiam
1977 544 2193 604 inforo
2223 546 2459 607 interno

336 660 532 697 coram
569 639 723 707 De0‚
762 634 810 690 si
844 631 1130 690 divinitus
1166 632 1227 690 in
1261 653 1398 691 eum
1436 634 1616 692 finem
1653 634 1915 698 Ecclesiae
1944 661 2209 701 concessa
2250 643 2324 700 sit
2364 664 2459 702 eas

339 729 716 814 dispensandi
743 727 985 787 facultas
1009 773 1025 802 v
1064 728 1110 786 si
1153 727 1278 786 talis
1322 741 1642 810 perpetuus
1681 729 1791 789 fuit
1827 733 2065 795 Patrum
2105 748 2162 795 et
2198 737 2459 798 Ecclesiae

335 827 631 889 catholicae
668 844 868 884 sensus
904 824 966 882 in
1003 824 1072 882 iis
1110 823 1520 905 dispensandis
1542 871 1557 899 ‚
1602 826 1649 883 si
1692 826 1944 909 denique
1981 830 2104 912 ipsa
2140 832 2458 914 Indulgen-

329 926 546 984 tiarum
587 933 799 980 natura
827 918 887 978 id
913 930 1206 1000 exposcat.
1242 920 1493 1001 Atqui...

416 1019 515 1078 42.
564 1020 698 1076 Jam
738 1036 877 1075 vero
915 1013 1250 1074 facultatem
1307 1015 1666 1077 concedendi
1718 1018 2120 1099 Indulgentias
2174 1023 2456 1086 divinitus

335 1115 597 1176 Ecclesiae
623 1112 822 1170 datam
845 1131 968 1171 esse
992 1109 1066 1168 ad
1089 1110 1473 1170 remittendas
1503 1132 1696 1170 coram
1726 1115 1846 1173 Deo
1875 1137 2079 1196 poenas
2109 1120 2459 1201 temporales

329 1211 579 1296 peccatis
610 1207 931 1269 actualibus
953 1205 1180 1265 debitas
1201 1228 1458 1287 pronum
1475 1218 1562 1266 est
1585 1207 1800 1268 inferre
1827 1211 2004 1286 exiiS,
2032 1234 2159 1293 quae
2176 1217 2476 1294 superioriv

331 1301 729 1390 propositione
747 1302 1072 1363 attulimus,
1102 1301 1416 1361 Descendit
1444 1302 1604 1362 enim
1633 1302 1756 1363 haec
1782 1305 2021 1365 facultas
2041 1352 2056 1382 7
2088 1319 2155 1366 ut
2180 1310 2458 1386 vidimuS‚

335 1426 407 1464 ex
439 1413 727 1486 potestate
755 1400 1008 1459 clavium
1047 1409 1106 1456 et
1146 1397 1385 1479 quidem
1421 1397 1713 1458 illimitata
1752 1400 1999 1461 tollendi
2034 1405 2460 1487 impedimenta

330 1501 625 1579 ingressus
679 1496 843 1577 regni
890 1487 1208 1568 coelorum,
1250 1494 1575 1572 cujusmodi
1610 1515 1804 1576 poenae
1838 1509 2033 1557 reatus
2060 1512 2182 1575 est3
2234 1524 2305 1561 ex
2348 1526 2456 1585 po—

330 1608 542 1655 testate
578 1593 794 1674 ligandi
833 1602 892 1652 et
927 1591 1195 1651 solvendi
1220 1612 1416 1650 coram
1444 1592 1564 1649 Deo
1583 1636 1598 1666 7
1633 1591 1713 1650 ita
1751 1602 1817 1650 ut
1846 1604 2041 1658 ratum
2073 1595 2360 1657 habeatur
2389 1605 2460 1659 in

330 1694 525 1765 ecelis,
550 1689 711 1772 quod
747 1686 1008 1768 ejusdem
1036 1686 1342 1769 potestatis
1374 1690 1431 1744 vi
1463 1684 1709 1765 ligatum
1746 1699 1847 1746 aut
1871 1688 2131 1750 solutum
2173 1692 2346 1752 fuerit
2389 1699 2460 1754 in

327 1794 528 1848 terris,
559 1789 812 1845 Rursum
838 1783 1148 1866 Apostolus
1173 1783 1517 1864 profitetur,
1553 1804 1614 1841 se
1651 1781 1895 1844 donasse
1931 1787 2232 1847 Corinthio
2268 1791 2459 1850 inces-

327 1897 497 1944 tuoso
534 1881 902 1966 poenitentiae
938 1891 1173 1962 partem
1204 1885 1275 1938 in
1301 1900 1561 1958 persona
1606 1879 1871 1954 Chrzzsti,
1913 1904 1979 1941 ac
2014 1895 2325 1966 propterea
2359 1908 2457 1945 au-

328 1982 594 2041 ctoritate
614 1979 815 2039 divina
837 2024 852 2054 ,
880 1990 940 2037 et
955 1978 1194 2059 praecise
1214 1976 1367 2043 illius
1395 1977 1763 2057 poenitentiae
1788 1991 2018 2060 partem
2043 1981 2307 2058 donasse,
2338 2005 2454 2064 qua

324 2077 638 2137 obstrictus
680 2096 815 2155 erga
855 2077 1044 2134 Deum
1081 2071 1394 2133 tenebatur
1433 2095 1448 2132 ε
1507 2074 1582 2133 Ut
1617 2078 1873 2154 spiritus
1905 2078 2105 2137 salvus
2139 2082 2219 2137 sit
2256 2083 2325 2138 in
2359 2080 2456 2138 die

330 2176 414 2233 D.
442 2173 527 2232 N.
557 2171 620 2232 J.
659 2175 718 2229 C.
757 2167 866 2250 (1).

327 2400 529 2448 indicem
548 2397 792 2447 ‘librorum
820 2395 1159 2461 prohibitorum
1179 2394 1349 2444 relatus

325 2492 413 2531 est.
452 2481 628 2530 Verum
647 2517 661 2539 ‚
694 2496 835 2544 quem
856 2479 1008 2527 Roma
1034 2478 1345 2545 proscripsit,

321 2544 378 2612 int
409 2581 518 2612 cum
548 2562 597 2611 S.
621 2563 905 2628 Hieronymo
933 2563 1101 2628 loquar
1118 2598 1132 2621 ‚
1166 2569 1209 2609 et
1229 2577 1349 2626 pro·

324 2647 504 2694 harunc
517 2644 789 2693 solemniter
801 2645 1141 2694 Pistorieneea.
1156 2643 1350 2709 Scripsit

314 2728 542 2776 adversus
569 2726 851 2775 PalmieriP.
875 2726 1011 2774 Joan.
1036 2725 1208 2791 ‚Ioseph
1238 2725 1273 2774 F
1276 2743 1350 2774 er-

325 2813 416 2858 rari
447 2812 815 2859 mim-convent.
851 2807 1169 2856 Instruzione
1203 2825 1346 2873 sopra

322 2891 367 2940 le
400 2890 718 2956 ''Indulqenze
746 2907 768 2953 ,·
822 2892 1049 2956 praecipue
1096 2907 1203 2938 vero
1247 2889 1344 2939 Alf.

325 2974 589 3023 Muzzarelli
626 3012 640 3034 ‚
696 2972 747 3021 Il
794 2973 924 3021 buon
971 2989 1057 3019 uso
1112 2970 1235 3019 della
1281 2970 1347 3020 lo-

318 3060 466 3123 qim,
502 3073 668 3123 opusc.
702 3056 948 3120 triqeeimo
966 3091 982 3114 ,
1015 3053 1072 3101 V
1067 3053 1196 3102 aiore
1229 3053 1347 3102 delle

326 3140 651 3206 Indulqenze.
692 3139 871 3188 Pereira
904 3139 962 3186 de
984 3137 1022 3184 F
1029 3137 1265 3202 igueiredo
1294 3140 1345 3186 in

323 3240 463 3287 opere
492 3224 735 3271 lusitanice
774 3224 1036 3286 conscripto
1056 3257 1069 3281 ,
1107 3220 1346 3286 Analysis

316 3305 631 3371 professionis
637 3303 759 3368 fidei
783 3305 946 3352 sancti
957 3301 1127 3351 Patris
1148 3304 1244 3351 Pii
1259 3321 1307 3353 lv
1322 3338 1340 3365 ‚

325 3387 604 3452 Ulyasipone
619 3405 745 3436 anno
770 3403 890 3455 1791
917 3423 933 3447 ‚
962 3387 1236 3452 quod·anno
1273 3404 1347 3435 se-

325 3471 492 3535 quenti
533 3468 727 3533 Neapoli
753 3469 1110 3534 italiceprodiit
1137 3505 1151 3528 ,
1178 3468 1343 3517 catho-

1437 2394 1524 2443 cfr.
1552 2397 1745 2444 Lettera
1772 2394 1829 2443 di
1854 2413 1925 2444 un
1970 2395 2178 2461 Teoloqo
2197 2396 2263 2446 ad
2280 2413 2350 2445 mi
2367 2414 2453 2446 suo

1435 2479 1623 2539 amico,
1661 2478 1866 2543 Bologna
1903 2481 2026 2547 1793
2049 2516 2062 2539 e
2094 2498 2181 2528 nec
2208 2498 2303 2529 non
2323 2478 2455 2547 Sup-

1426 2559 1666 2626 plemento
1710 2561 1761 2609 al
1788 2561 2019 2630 qiornale⁴
2042 2560 2359 2611 ecclesiastico
2401 2563 2457 2611 di

1434 2642 1607 2704 Roma,
1634 2647 1790 2711 quint.
1811 2663 1836 2691 v
1859 2647 1974 2710 peri
2005 2647 2117 2693 mesi
2131 2646 2178 2693 di
2197 2645 2454 2695 Settembre

1435 2726 1490 2775 ed
1514 2726 1709 2776 Ottobre
1743 2742 1890 2792 1792.

1502 2809 1564 2872 (1)
1602 2808 1728 2856 Illud
1775 2810 1830 2855 in
1868 2821 2079 2873 persona
2121 2806 2307 2854 Christi
2324 2843 2339 2867 ‚
2376 2824 2450 2871 qr.

1435 2890 1473 2937 iv
1492 2889 1706 2955 προσ-ὥπερ
1719 2889 2145 2956 Xpwr06‚Erasmus
2159 2889 2289 2937 nullo
2303 2907 2455 2938 exem-

1433 2972 1510 3037 plo
1535 2975 1726 3020 innixus
1742 2975 1877 3021 vertit
1892 2974 1950 3019 in
1974 2980 2226 3037 conspectu
2250 2971 2449 3020 Christi.

1433 3055 1492 3102 At
1526 3066 1704 3103 certum
1740 3065 1839 3113 est,
1869 3056 2162 3103 tantumdem
2201 3054 2354 3104 valere
2394 3057 2451 3103 in

1422 3153 1633 3203 persona
1664 3135 1847 3185 Christi
1866 3154 1921 3185 ac
1944 3140 1994 3184 in
2023 3139 2214 3184 nomine
2231 3174 2243 3197 ,
2277 3140 2378 3185 vice
2405 3148 2450 3185 et

1430 3222 1703 3268 auctoritate
1737 3219 1908 3268 Christi
1930 3256 1942 3276 ‚
1976 3224 2112 3285 cujus
2150 3220 2325 3268 scilicet
2352 3236 2449 3285 per·

1430 3320 1592 3351 aonam
1624 3301 1791 3350 Paulus
1814 3301 2030 3367 gerebat3
2063 3311 2116 3348 ut
2147 3304 2265 3349 sicut
2285 3304 2343 3350 in
2362 3318 2448 3350 no-

1429 3387 1562 3433 mine
1586 3384 1791 3434 Domini
1825 3382 1945 3432 Jeeu
1976 3383 2161 3432 Christi
2198 3386 2448 3434 tradiderat

1430 3467 1558 3516 hunc
1571 3469 1795 3515 incestum
1815 3467 2051 3515 hominem
2066 3465 2260 3527 Satanae,
2278 3483 2443 3532 quem-

320 3550 465 3598 licam
493 3552 663 3615 pariter
678 3551 931 3599 doctrinam
953 3548 1336 3615 delndnlgentiis
1418 3550 1671 3598 admodum
1701 3550 1813 3597 dicit
1841 3552 1887 3596 in
1905 3552 2043 3613 priori
2070 3553 2207 3615 epist.
2239 3565 2342 3611 cap.
2377 3564 2404 3593 v
2427 3583 2441 3606 ‚

323 3635 651 3698 impugnavit3
695 3637 1002 3699 proscriptum
1059 3643 1215 3682 autem
1269 3642 1338 3681 est
1419 3635 1488 3681 sic
1515 3634 1565 3680 in
1600 3633 1807 3696 ejusdem
1838 3631 2008 3680 Christi
2040 3635 2228 3681 nomine
2257 3647 2311 3678 ac
2343 3646 2445 3694 per-

320 3712 447 3764 decr.
475 3712 542 3763 26
565 3713 676 3763 Jan.
723 3714 868 3781 1795.
895 3714 1125 3768 Adversus
1151 3715 1334 3765 Pereira'

1420 3722 1544 3764 sona*
1563 3732 1690 3763 nunc
1715 3732 1822 3764 eum
1855 3714 2126 3765 absolveret.
2154 3712 2304 3779 Quare
2347 3728 2442 3759 non
