2508 4120
2097 124 2221 184 287

465 152 586 189 CAP.
635 153 721 188 111.
767 152 834 186 DE
877 148 1264 188 lMPEDIMEN'rIs
1310 146 1683 198 MATRIMOMI,
1730 145 1851 183 mc.

121 316 189 356 ex
213 293 420 353 Christi
442 293 808 351 institutione
843 313 919 350 an
943 312 1082 352 vero
1110 312 1182 350 ex
1211 289 1567 369 indulgentia
1601 287 1935 369 Principum
1960 297 2219 368 potestas

124 392 184 448 in
226 389 406 447 causis
445 384 966 445 matrimonialibus
1010 384 1266 445 Ecclesiae
1299 394 1622 465 competat,
1660 384 1723 441 in
1770 404 1899 442 eam
1923 393 2216 443 venerunt

127 483 480 542 sententiam
505 526 521 555 7
563 492 628 541 ut
665 491 987 539 assererent
1010 523 1027 555 ‚
1078 479 1452 558 originarium
1494 482 1589 554 jus
1633 476 1926 536 statuendi
1962 477 2219 558 impedi-

125 588 325 635 menta
369 576 669 658 proprium
717 574 1045 654 principum
1101 594 1224 631 esse
1261 617 1276 646 ,
1327 571 1636 631 Ecclesiam
1686 583 1884 631 autem
1928 594 1997 632 ex
2053 573 2223 654 prin-

122 674 316 753 cipum
375 669 738 729 concessione
776 689 904 726 eam
949 687 1053 748 per
1091 666 1259 748 plura
1294 665 1483 725 secula
1523 666 1841 724 exercuisse
1883 678 1985 725 aut
2041 668 2219 726 etiam

122 786 404 827 exercere.
443 768 649 844 Magno
694 765 916 845 impetu
958 761 1169 822 exinde
1214 761 1632 821 causidicorum
1679 773 1738 821 et
1785 763 2219 823 canonistarum

124 861 293 921 turba
309 883 437 920 eam
453 861 773 920 doctrinam
791 880 1156 942 propugnare
1170 880 1430 939 aggressa
1452 858 1660 939 est(l).
1685 859 1843 918 Inter
1867 858 1973 918 hos
2002 861 2225 921 eminet

128 956 344 1016 Bened.
395 955 760 1015 Oberhauser
789 1000 805 1029 ‚
849 955 950 1036 qui
985 952 1197 1013 thesim
1229 965 1571 1035 sequentem
1614 951 1809 1012 Fuldae
1846 975 2222 1035 propugnan-

126 1051 260 1110 dam
293 1051 596 1132 proposuit
622 1071 776 1107 anno
822 1047 976 1108 1763
1020 1070 1034 1106 :
1075 1050 1422 1107 Potestatem
1458 1048 1736 1109 Ecclesiae
1766 1050 2073 1107 statuendi
2101 1053 2227 1107 im-

116 1148 459 1224 pedimenta
519 1146 990 1204 Matrimonium
1041 1145 1398 1203 dim'mentz'a
1452 1165 1567 1203 esse
1621 1164 1692 1202 θα]
1741 1145 2013 1223 beneficio
2048 1147 2227 1223 juris

128 1243 329 1299 alieni.
378 1242 563 1313 Quam
598 1240 972 1299 assertionem
1013 1260 1144 1298 cum
1181 1239 1326 1299 Lud.
1367 1238 1512 1299 Beck
1568 1237 1778 1320 aliique
1813 1240 2087 1299 lzoereseos
2115 1261 2231 1298 no-

129 1346 348 1393 tassent
369 1380 385 1408 7
424 1321 788 1393 Oberhauser
816 1334 1030 1415 duplici
1059 1333 1213 1392 edito
1243 1333 1439 1392 libello
1471 1345 1674 1392 notam
1706 1333 1858 1392 hanc
1880 1356 1913 1393 a
1946 1354 2007 1393 se
2030 1334 2228 1416 repel—

127 1428 245 1488 lere
273 1430 431 1487 nisus
461 1439 580 1504 est,
606 1429 668 1486 in
702 1429 910 1509 quibus
943 1440 1126 1487 totam
1152 1451 1314 1488 suam
1350 1429 1634 1487 theoriam
1670 1431 1936 1510 exposuit
1960 1476 1975 1504 .,
2015 1441 2075 1489 et
2097 1451 2231 1489 suos

130 1523 485 1582 adversarios
522 1523 888 1604 impugnavit
922 1524 1032 1604 (2).
1070 1525 1172 1582 Ast
1200 1524 1364 1581 irrito
1401 1534 1640 1597 conatu,
1678 1523 1964 1604 siquidem
2006 1535 2066 1584 et
2109 1524 2229 1584 haec

130 1618 350 1676 theoria
378 1639 608 1676 rursum
631 1616 912 1676 haereseos
944 1617 1053 1675 fuit
1089 1617 1450 1699 expostulata
1471 1662 1487 1691 7
1515 1617 1607 1675 cui
1635 1618 2061 1698 impugnationi
2086 1639 2233 1700 per-

131 1735 331 1794 peram
361 1712 788 1772 amarulentum
824 1713 1088 1772 libellum
1110 1714 1234 1795 ipse
1258 1713 1470 1771 iterum
1497 1713 1768 1794 opposuit
1793 1713 1903 1794 (3).

217 1807 352 1866 159.
415 1807 530 1865 Sub
578 1807 789 1865 horum
834 1807 1255 1886 Theologorum
1304 1819 1364 1867 et
1418 1808 1863 1866 Canonistarum
1914 1808 2233 1870 aulicorum

46 1957 49 1963 .
136 1903 396 1983 auspiciis
437 1891 653 1983 prodiit
687 1925 841 1960 anno
888 1902 1042 1962 1783
1078 1903 1413 1961 constitutio
1443 1902 1682 1983 Josephi
1713 1903 1798 1976 ΙΙ,
1845 1925 1958 1984 qua
1985 1905 2233 1983 cognitio

135 2017 432 2055 causarum
480 1995 996 2055 matrimonialium
1038 1997 1253 2075 judicio
1302 1996 1531 2078 imperii
1585 1995 1765 2056 civilis
1822 1999 2227 2059 committitur.

206 2214 274 2277 (1)
309 2213 408 2262 Cfr.
439 2213 713 2280 Roskovany
734 2252 747 2271 ‚
787 2232 865 2279 op.
893 2217 976 2264 cit.
1003 2214 1031 2281 ξ
1067 2213 1100 2264 8
1127 2252 1142 2278 ,

136 2298 217 2362 qui
233 2295 438 2345 observat
457 2333 470 2354 ‚
497 2293 723 2362 ejusmodi
752 2299 1006 2345 canonistas
1027 2300 1146 2346 veri-

138 2390 207 2427 tos
244 2396 338 2426 non
367 2395 461 2427 esse
490 2379 839 2428 ecclesiasticam
876 2390 1146 2445 potestatem

139 2462 354 2522 impetere
370 2476 423 2507 ex
448 2460 676 2522 principio
703 2465 956 2524 systematis
986 2461 1162 2515 Protea

143 2539 364 2588 stantium
395 2539 792 2602 collegialis;.nec
831 2541 1029 2589 defuisse
1062 2545 1145 2607 qui

143 2621 462 2678 affirmarent,
504 2620 681 2685 regulas
731 2621 790 2668 de
844 2621 1144 2670 Matrimonio

141 2707 192 2752 in
231 2721 355 2752 sacra
393 2702 632 2768 Scriptura
675 2713 909 2752 contentas
961 2722 1043 2769 pro
1073 2707 1148 2770 ju-

142 2787 274 2835 daico
305 2785 452 2833 solum
497 2785 671 2850 populo
703 2786 815 2833 latas
862 2804 986 2846 esse,
1026 2789 1146 2853 juri-

142 2867 322 2933 busque
361 2877 503 2928 status
526 2867 670 2915 civilis
713 2868 928 2932 derogare
971 2872 1140 2935 nequi-

145 2951 275 2997 visse.

216 3028 280 3092 (2)
317 3028 494 3078 Horum
526 3029 789 3078 libellorum
822 3031 947 3093 prior
986 3032 1052 3079 sic
1074 3032 1148 3078 in-

148 3110 358 3158 scribitur
379 3128 394 3159 :
430 3110 639 3175 Systema
679 3110 1150 3160 historico-criticum

149 3190 417 3238 divisarum
442 3200 724 3257 potestatum
749 3194 807 3240 in
830 3192 1011 3257 leqibus
1047 3211 1150 3242 ma-

151 3271 508 3321 trimonialibus
532 3274 984 3339 impedimentorum
1023 3274 1150 3322 diri-

153 3355 382 3402 mentium
399 3389 416 3415 ,
443 3371 501 3402 ex
539 3356 683 3403 avitis
718 3357 985 3420 principiis
1019 3372 1152 3404 aanae

153 3434 392 3500 theoloqioe
411 3437 858 3502 etjurisprudentioe
884 3440 1149 3487 canonicae.

120 3539 123 3545 v
154 3518 379 3565 Posterior
413 3533 518 3566 vero
568 3534 583 3565 ε
624 3517 861 3583 Apoloqia
908 3518 1153 3568 historico-

151 3598 327 3646 critica
357 3598 623 3646 divisarum
641 3607 923 3664 potestatum
948 3637 962 3660 ‚
990 3612 1079 3649 etc.

1300 2215 1361 2279 (3)
1398 2215 1485 2264 Cui
1502 2215 1685 2264 titulum
1719 2217 1823 2264 fecit
1853 2234 1867 2264 :
1891 2215 2052 2265 Causa
2074 2216 2235 2267 decisa

1232 2297 1500 2346 divisarum
1531 2305 1817 2362 potestatum
1845 2299 1900 2345 in
1927 2297 2109 2362 leqibus
2129 2316 2236 2348 ma-

1229 2378 1586 2426 trimonialibus
1608 2416 1619 2436 ,
1652 2379 1817 2426 Franc.
1873 2395 2014 2445 1777.
2052 2379 2110 2427 In
2145 2381 2236 2430 hoe

1231 2476 1364 2523 porro
1394 2459 1551 2506 libello
1590 2458 1876 2506 Oberhauser
1921 2460 2148 2508 modestiae
2190 2470 2237 2510 et

1232 2540 1453 2606 aequitatis
1483 2539 1604 2603 leges
1633 2541 1872 2588 excessisse
1889 2577 1902 2601 ‚
1948 2551 2085 2607 atque
2112 2542 2235 2593 Lau-

1232 2623 1327 2686 noji
1346 2623 1618 2684 'argumenta
1649 2639 1731 2685 pro
1759 2621 2025 2688 Principum
2046 2626 2151 2689 jure
2184 2627 2236 2674 in

1232 2704 1379 2751 causis
1407 2703 1819 2752 matrimonialibus
1846 2708 2148 2769 congessisse,
2166 2724 2236 2755 os-

1232 2786 1435 2834 tenditur
1464 2787 1515 2832 in
1551 2784 1637 2832 W
1631 2785 1892 2834 ienerisclze
1918 2786 2236 2839 Kirchenzei-

1231 2875 1350 2931 tunq
1367 2900 1384 2927 ,
1433 2883 1513 2915 seu
1557 2863 1867 2931 Ephemerid.
1908 2867 2238 2918 ecclesiasticis

1235 2944 1282 2996 V
1283 2947 1686 2996 indobonensibus
1721 2986 1735 3012 ‚
1783 2947 1909 3015 1786
1933 2989 1947 3011 ‚
1983 2969 2088 3016 pag.
2137 2949 2237 3015 445

1233 3037 1278 3079 et
1308 3047 1435 3096 seqq.
1464 3029 1698 3079 Adversus
1726 3049 1903 3081 novum
1946 3035 2073 3081 hunc
2094 3032 2239 3081 Ober-

1234 3113 1413 3159 hauseri
1445 3111 1653 3160 libellum
1691 3116 1874 3178 scripsit*
1897 3114 1960 3160 M.
1988 3113 2052 3162 A.
2083 3113 2238 3161 Hoch-

1236 3194 1353 3242 stadt
1370 3231 1383 3254 ‚
1400 3196 1450 3242 in
1469 3193 1823 3259 Disquisitione
1837 3198 2074 3243 canonica
2091 3234 2105 3257 ‚
2136 3195 2236 3245 Μο-

1237 3284 1370 3339 gunt.
1397 3273 1541 3342 1780,
1574 3279 1648 3325 cui
1674 3278 1750 3325 ille
1771 3278 1908 3325 aliam
1937 3280 2147 3342 opposuit
2161 3279 2237 3328 lu-

1237 3357 1554 3407 cubrationem
1609 3375 1623 3406 ε
1667 3357 1882 3422 Paqellae
1929 3358 2134 3409 volantes
2179 3360 2238 3409 de

1236 3454 1383 3487 causa
1417 3440 1575 3488 decisa
1588 3455 1679 3505 pro
1701 3439 1858 3488 studio
1857 3442 1997 3506 juris
2024 3444 2149 3508 reqii
2162 3444 2238 3490 in-

1237 3509 1359 3586 teqri
1400 3520 1686 3570 illustranda
1709 3540 1729 3579 ;
1765 3522 1982 3575 Francof.
2022 3535 2066 3575 et
2109 3525 2236 3590 Lips-

1246 3602 1391 3667 1782.
