2508 4120
308 114 427 173 200

933 131 1255 171 TRACTATUS
1298 132 1368 166 DE
1411 131 1783 171 MATRIMOMO.

313 278 631 357 Conjuyii,
679 274 1105 353 Nuptiarum,
1148 274 1224 332 de
1269 271 1481 354 quibus
1507 274 1634 355 fuse
1660 276 1716 334 S.
1752 275 2002 336 Thomas
2043 279 2152 360 (1).
2198 281 2439 340 Definiri

309 382 504 431 autem
543 366 691 427 solet
732 390 745 426 ε
803 370 942 430 Viri
966 380 1021 427 et
1053 371 1336 427 mulieris
1361 373 1669 429 maritalis
1693 375 2036 449 conjunctio
2056 379 2219 434 inter
2246 379 2441 457 leqiti-

308 488 442 524 mas
460 485 755 543 personas
772 465 1169 522 individuam
1189 468 1326 523 vitoe
1346 467 1834 524 consuetudinem
1853 471 2116 526 retinens
2132 469 2250 548 (2);
2279 471 2439 553 quod

308 561 356 618 si
387 570 590 638 agatur
614 558 687 618 de
717 559 1093 618 Matrimonio
1113 582 1235 618 non
1263 558 1450 618 solum
1477 572 1765 641 quatenus
1793 561 2049 621 officium
2072 574 2297 625 naturae
2317 578 2433 639 est,

304 653 407 713 sed
453 666 741 736 quatenus
782 667 1061 736 praeterea
1088 664 1189 714 'est
1218 656 1695 730 Sacramentum,
1741 655 1894 716 datae
1930 657 2258 717 definitioni
2302 659 2442 720 addi

306 748 484 809 debet
527 772 539 808 :
576 751 662 810 Et
688 773 727 808 a
760 751 988 810 Christo
1018 752 1103 809 ael
1125 752 1482 830 diyozi'tatem
1515 752 1901 810 Sacramenti
1931 755 2170 812 elevata.
2207 752 2291 814 Ab
2316 752 2443 813 aliis

299 867 442 912 vero
480 846 957 931 Matrimonium,
985 858 1168 928 prout
1195 847 1638 906 Sacramentum
1672 858 1760 907 est
1778 892 1794 923 ,
1825 848 2002 907 fusius
2026 847 2258 908 definiri
2279 896 2294 925 ,
2343 872 2445 910 seu

295 942 493 1024 potius
525 941 772 1002 describi
798 942 977 1002 solet:
1009 930 1466 1002 Sacramentum
1492 943 1678 1003 Novoe
1699 944 1869 1023 Leyis
1890 988 1905 1018 ,
1930 965 2045 1024 quo
2059 948 2449 1024 siqnificatur

300 1043 641 1116 conjunctio
676 1039 905 1097 Christi
931 1060 1072 1097 cum
1107 1039 1381 1098 Ecclesia
1397 1082 1420 1111 ,
1458 1050 1513 1098 et
1530 1044 1741 1119 yratz'a
1765 1042 2080 1118 confertur
2104 1041 2190 1098 ad
2207 1045 2445 1099 sancti-

291 1134 608 1212 ficanolam
630 1137 758 1193 viri
772 1135 1119 1193 etmulieris
1138 1136 1471 1214 leyitimam
1501 1140 1983 1213 conjunctionem
2001 1182 2017 1205 ‚
2046 1136 2134 1194 ad
2149 1137 2446 1195 uniendos

302 1233 537 1289 arctius
563 1235 886 1310 cony‘uyum
906 1234 1171 1300 animos,
1197 1241 1376 1310 atque
1403 1232 1490 1289 ael
1503 1234 1737 1311 prolem
1756 1236 1861 1311 pie
1886 1242 2207 1311 sancteque
2231 1238 2301 1290 in
2326 1236 2447 1291 vir-

300 1330 451 1385 tutis
481 1327 685 1404 officiis
714 1337 770 1384 et
789 1328 905 1406 fide
933 1327 1275 1386 christiana
1302 1329 1760 1386 instituendam.

384 1423 445 1480 2.
496 1423 579 1480 Ex
610 1422 702 1480 his
735 1432 934 1481 autem
969 1422 1412 1482 definitionibus
1442 1422 1764 1502 colligitur,
1796 1425 1858 1482 10
1882 1435 2157 1482 naturam
2195 1423 2318 1485 sive
2345 1445 2440 1482 ra-

305 1518 532 1576 tionem
573 1529 675 1576 aut
710 1519 1024 1577 essentiam
1065 1518 1425 1576 Matrimonii
1468 1520 1703 1599 proprie
1745 1519 2019 1577 constitui
2055 1523 2125 1576 in
2169 1524 2438 1594 vinculo,

307 1612 468 1693 quod
492 1613 845 1692 exprimitur
870 1634 977 1694 per
1004 1633 1208 1672 vocem
1231 1611 1394 1671 illam
1429 1617 1798 1691 conjunctio,
1831 1635 1960 1694 quae
1989 1612 2255 1693 designat
2281 1613 2445 1672 illam

305 1705 725 1787 obligationem
744 1720 803 1767 et
819 1730 1041 1767 nexum
1063 1753 1080 1784 ,
1107 1708 1165 1769 vi
1190 1713 1351 1787 cujus
1376 1696 1622 1767 firmitas
1646 1754 1662 1783 ,
1689 1709 2099 1791 permanentia
2122 1719 2297 1789 atque
2322 1719 2444 1767 sta-

300 1801 498 1862 bilitas
531 1803 894 1862 matrimonii
930 1804 1193 1883 exurgit,
1241 1804 1486 1863 minime
1520 1825 1660 1863 vero
1698 1804 2014 1862 consistere
2053 1803 2117 1861 in
2153 1825 2298 1878 usu,
2342 1804 2444 1884 qui

304 1901 560 1980 separari
586 1912 784 1983 potest
801 1924 831 1960 a
857 1901 1121 1960 dominio
1149 1922 1250 1961 seu
1271 1912 1563 1983 potestate
1584 1946 1599 1975 ,
1624 1922 1802 1982 quam
1820 1903 1882 1958 in
1896 1901 2203 1982 proprium
2232 1921 2442 1982 corpus

306 2000 580 2076 conjuges
621 2018 727 2079 per
758 2019 1110 2057 consensum
1141 1995 1334 2059 verbis
1373 1996 1446 2056 de
1479 1996 1755 2079 praesenti
1796 2017 2135 2078 expressum
2160 1993 2268 2054 sibi
2298 1995 2445 2057 invi-

303 2112 430 2151 cem
447 2092 692 2150 tradunt
718 2092 829 2173 (3).
852 2093 1188 2173 Colligitur,
1213 2094 1280 2150 2⁰
1307 2093 1554 2173 conjugii
1578 2092 1878 2151 christiani
1906 2092 2291 2173 proprietates
2319 2089 2442 2151 esse

303 2187 597 2246 unitatem
618 2199 678 2246 et
694 2187 1274 2247 indissolubilitatem
1299 2233 1315 2262 ,
1341 2210 1470 2269 quae
1488 2189 1889 2267 significantur
1908 2208 2013 2268 per
2031 2184 2442 2267 subsequentia

375 2393 442 2458 (1)
480 2394 540 2442 In
577 2392 643 2457 4,
683 2394 794 2441 dist.
836 2409 933 2457 27,
971 2411 1021 2458 q.
1078 2409 1094 2439 1
1127 2429 1140 2451 ,
1174 2401 1265 2441 art.
1297 2409 1333 2441 1.

375 2476 442 2540 (2)
483 2475 618 2524 Hanc
636 2475 959 2523 definitionem
984 2490 1117 2539 ,quae
1148 2484 1215 2521 est
1231 2473 1336 2521 Ma-

306 2560 433 2623 gistri
466 2558 817 2607 Sententiarum
834 2593 848 2617 ,
866 2561 961 2605 imo
987 2559 1141 2621 potius
1167 2557 1337 2606 codicis

306 2640 633 2701 Justinianaei,
683 2658 817 2688 suam
867 2640 974 2688 fecit
1019 2638 1336 2688 Catechismus

305 2721 449 2771 Rom.
478 2723 572 2770 loc.
605 2725 685 2771 cit.
730 2741 780 2770 n.
809 2722 840 2769 3
857 2754 875 2781 ‚
916 2721 1000 2768 ubi
1031 2722 1242 2770 eamdem
1256 2739 1336 2787 per

307 2814 463 2870 partes
492 2807 700 2869 exponit.

381 2885 448 2950 (3)
486 2885 585 2933 Csr.
630 2886 816 2945 Estius,
870 2887 921 2931 in
968 2881 1015 2946 4.
1067 2883 1174 2931 dist.
1238 2881 1335 2946 26,

311 2968 339 3033 ᾗ
385 2969 443 3018 13
479 3006 492 3029 ‚
543 2970 628 3035 qui
671 2968 792 3015 hanc
839 2969 1074 3015 veritatem
1118 2966 1336 3014 adversus

310 3050 586 3100 Wiclcffitas
600 3051 809 3116 aliosque
830 3049 1068 3097 haereticos
1091 3047 1336 3111 multiplici

311 3144 689 3199 argumentorum
727 3150 892 3197 genere
952 3131 1168 3179 ostendit.
1219 3130 1337 3179 Sane

312 3234 474 3266 verum
502 3219 648 3266 extitit
671 3216 943 3281 conjugium
981 3216 1099 3260 inter
1126 3222 1339 3277 protopa-

312 3309 462 3346 rentes
484 3301 533 3346 in
566 3299 767 3348 terrestri
805 3295 1010 3363 paradiso
1035 3304 1141 3343 ante
1169 3311 1336 3359 quem-

320 3396 528 3445 cumque
575 3381 779 3446 conjugii
846 3394 1031 3440 usum3
1094 3376 1143 3424 id
1185 3378 1336 3440 ipsum

319 3462 498 3510 dicatur
523 3463 581 3511 de
600 3465 815 3528 conjugio
832 3464 952 3510 inter
975 3460 1161 3510 Beatam
1183 3458 1340 3522 Virgi-

316 3562 427 3592 nem
472 3554 519 3593 et
555 3544 608 3593 S.
656 3545 848 3611 Joseph.
890 3543 975 3596 SS.
1022 3542 1177 3591 Patres
1219 3560 1341 3590 una-

318 3629 467 3677 nimes
501 3628 552 3675 in
572 3625 660 3676 hac
690 3631 918 3678 sententia
949 3637 1089 3688 sunt,
1127 3635 1171 3675 et
1199 3625 1339 3675 eccle-

1418 2393 1599 2440 siastica
1634 2392 1823 2440 historia
1848 2393 1979 2456 plura
2007 2391 2270 2456 suppeditat
2289 2408 2444 2439 exem-

1420 2474 1494 2539 pla
1531 2471 1841 2534 Sanctorum,
1883 2476 1965 2539 qui
2000 2473 2303 2539 perhibentur
2337 2490 2443 2522 vero

1419 2555 1718 2604 Matrimonio
1751 2558 2026 2622 conjuncti,
2063 2558 2273 2622 quamvis
2321 2573 2444 2604 nun-

1419 2638 1561 2706 quam
1587 2641 1916 2697 convenerint;
1961 2638 2189 2704 ejusmodi
2223 2637 2311 2684 fuit
2337 2653 2442 2684 con-

1416 2724 1597 2787 jugium
1645 2720 1696 2768 S.
1726 2715 1985 2768 Pulcheriae
2027 2736 2136 2767 cum
2173 2718 2437 2776 Marciano,

1420 2802 1466 2851 S.
1510 2804 1695 2851 Henrici
1723 2820 1830 2850 cum
1849 2802 1897 2849 S.
1925 2801 2266 2865 Chunegunda.
2304 2799 2438 2864 Quod

1420 2887 1457 2932 si
1483 2885 1696 2932 nonnulli
1730 2884 1883 2931 Patres
1929 2893 2009 2930 aut
2038 2882 2258 2947 Theologi
2294 2882 2439 2930 inter-

1421 2968 1534 3015 dum
1598 2969 1873 3031 scripserunt
1894 3002 1907 3024 ,
1951 2983 2037 3013 usu
2093 2965 2437 3013 Matrimonium

1420 3050 1575 3114 perfici
1609 3049 1746 3098 relate
1788 3049 1844 3097 ad
1876 3050 2124 3113 perfectam
2171 3058 2215 3095 et
2250 3049 2438 3112 plenam

1422 3135 1653 3181 rationem
1688 3136 1804 3197 signi
1840 3150 1919 3180 seu
1946 3131 2232 3180 Sacramenti
2270 3168 2283 3187 ‚
2311 3132 2355 3179 id
2374 3132 2441 3178 af-

1422 3215 1698 3275 firmarunt,
1727 3225 1951 3281 quatenus
1989 3215 2161 3262 scilicet
2198 3232 2277 3278 per
2301 3231 2437 3260 usum

1425 3299 1710 3361 significatur
1765 3299 2030 3362 conjunctio
2088 3296 2221 3344 realis
2270 3294 2437 3342 Christi

1425 3396 1532 3427 cum
1560 3379 1762 3427 Ecclesia
1789 3397 1869 3443 per
1897 3378 2267 3426 lncarnationem
2288 3411 2302 3434 ,
2337 3386 2436 3422 tum

1424 3465 1560 3510 etiam
1615 3472 1842 3527 quatenus
1889 3459 2036 3526 major
2090 3460 2198 3508 inde
2246 3458 2437 3505 firmitas

1428 3542 1633 3610 conjugii
1661 3546 1837 3609 exurgit
1854 3581 1868 3600 ,
1904 3554 1955 3593 ut
1979 3561 2062 3592 sno
2083 3543 2184 3591 loco
2213 3539 2436 3587 dicemus,
