2508 4120
525 199 648 238 CAP.
696 197 753 237 V.
804 197 879 257 DE.
914 197 1197 236 GAELIBATU
1240 196 1577 236 EGGLESIAST.
1626 196 1746 234 E‘rc.

2082 176 2194 236 177

110 349 300 406 firmat
337 342 448 421 (1);
481 345 638 418 cujus
675 339 910 420 quidem
938 339 1306 420 phaenomeni
1334 360 1454 397 non
1490 360 1603 397 una
1631 359 1797 397 causa
1825 335 2144 418 assignatur
2167 362 2199 398 a

106 437 478 523 peritioribus
523 435 759 494 medicis
795 436 904 515 (2)

187 533 328 591 210.
378 535 544 612 Resp.
565 532 650 589 20.
678 532 833 589 Dz‘st.
862 530 973 602 Qui
995 540 1195 588 tamen
1213 574 1229 600 .,
1255 530 1301 586 si
1321 528 1422 609 qui
1444 539 1612 602 sunt,
1639 548 1971 587 communes
1989 529 2204 610 pariter

110 640 247 688 sunt
280 628 527 706 cujusvis
559 624 903 684 conditionis
936 644 1000 682 ac
1032 634 1214 682 status
1245 621 1613 697 hominibus,
1652 634 1840 681 trans·
1876 623 1971 683 vel
2003 645 2162 683 conc.
2186 649 2205 691 ,-

110 724 331 806 proprii
357 720 621 781 caelibum
648 731 877 777 tanturn
898 764 915 793 a
946 739 1076 796 neq.
1106 718 1240 775 Jam
1272 737 1409 778 vero
1443 717 1706 774 Horstius
1736 728 1796 775 et.
1821 719 2004 776 Tissot
2027 730 2207 798 agunt:

113 820 185 879 de
209 817 424 877 morbis
447 817 866 874 litteratorum.
891 811 1217 871 Ramazzini
1239 810 1311 869 de
1339 808 1557 868 morbis
1582 811 1894 876 artificum,
1918 812 2210 894 Plempius

114 914 187 973 de
218 911 434 971 morbis
479 921 799 990 togatorum
825 955 840 982 .,
884 905 1144 985 Pei-ingle
1189 904 1261 963 de
1303 903 1521 962 morbis
1558 904 1813 963 militum
1834 953 1850 974 ,
1894 908 2210 967 Frustenau

116 1008 188 1068 de
217 1007 433 1066 morbis
458 1007 844 1079 medicorum3
868 1001 1063 1060 Haller
1092 1006 1404 1058 tractatum
1427 998 1608 1057 edidit
1628 1044 1644 1068 ,
1666 1001 1758 1059 cui
1790 1000 1990 1059 titulus
2021 1024 2034 1059 :
2077 1005 2214 1064 Vita

117 1104 389 1162 humana
407 1103 648 1160 morbus
665 1103 986 1158 continuus
1002 1143 1019 1166 ,
1037 1099 1154 1154 sive
1176 1105 1464 1153 tractatus
1491 1096 1560 1152 de
1581 1096 1805 1154 morbis
1830 1107 2072 1155 oetatum
2097 1096 2210 1177 (3).

118 1252 398 1307 vecchiezza
433 1249 551 1298 della
581 1248 676 1315 piz't
710 1247 897 1311 florida
937 1245 1117 1303 salute,

117 1335 192 1381 cio
221 1334 331 1380 deve
358 1329 612 1379 ascriversi
632 1331 695 1377 ad
724 1346 795 1376 un
820 1329 1050 1391 henefizio
1070 1325 1125 1374 di

116 1423 279 1480 questa
307 1422 451 1460 stesso
474 1421 652 1459 natura
670 1450 683 1471 ,
706 1411 769 1458 da
791 1412 882 1458 essi
907 1410 1124 1475 dis-prez-

119 1505 231 1544 κατα
251 1533 264 1555 ,
287 1512 312 1543 e
327 1494 410 1542 clue
423 1510 519 1541 non
546 1495 593 1540 si
609 1493 870 1556 mam'fiesta
889 1494 945 1540 in
968 1494 1126 1539 niuno

111 1584 252 1642 parte
287 1574 381 1641 pia
413 1574 621 1640 provida
642 1611 655 1633 ‚
699 1573 782 1621 che
812 1573 921 1620 ‘nell'
957 1573 1129 1619 indus-

122 1660 267 1706 trioso
306 1657 514 1720 artificio
551 1654 623 1703 col
657 1654 794 1718 quali
831 1670 931 1702 essa
973 1655 1131 1719 forma

122 1739 293 1788 l'umor
310 1738 588 1805 prolifioe...
616 1737 745 1801 (vid.
767 1737 825 1785 ad
849 1737 1017 1785 calcem
1050 1754 1131 1783 vo-

122 1824 312 1872 luminis
374 1823 463 1870 loci
528 1821 668 1886 hujus
729 1821 962 1868 translatio
988 1820 1025 1882 ).
1065 1819 1137 1867 Ad

126 1906 238 1971 quid
274 1907 411 1968 igitur
446 1914 512 1951 tot
535 1903 888 1950 declamationes
923 1902 1138 1949 adversus

127 1987 390 2035 caelibatum
407 1989 433 2033 ’ἶ

195 2070 262 2132 (Ι)
301 2066 369 2116 De
384 2066 522 2116 locor.
553 2066 889 2133 affectionibus
916 2101 929 2124 ‚
952 2064 1038 2112 lib.
1058 2081 1102 2112 vr
1123 2100 1137 2124 ‚

132 2147 284 2214 cap.6.
303 2150 355 2196 Id
371 2152 520 2214 ipsum
538 2149 705 2196 fatetur
723 2147 895 2207 Haller‚
917 2146 964 2194 E
967 2146 1142 2208 lemen-

134 2243 182 2282 ta
201 2232 412 2300 physiol.
444 2232 530 2280 lib.
563 2249 650 2291 vn,
674 2250 778 2295 pag.
804 2231 918 2293 555,
949 2231 1145 2296 loquens

137 2319 195 2366 de
231 2317 467 2365 coenobitis
491 2355 508 2377 ,
553 2318 633 2381 qui
681 2332 761 2380 per
806 2317 997 2380 longum
1044 2317 1144 2363 vitae

138 2398 421 2447 curriculum
439 2399 723 2446 exactissime
738 2407 842 2445 vota
864 2435 875 2456 ‚
898 2415 997 2463 quae
1019 2415 1144 2445 nun·-

139 2491 417 2546 cupaverant
434 2515 448 2539 ‚
488 2489 799 2528 servaverunt.

212 2563 277 2625 (Ξ)
315 2561 413 2609 Cfr.
462 2559 628 2608 Zachia
666 2597 679 2619 ‚
730 2562 911 2623 Quoest.
971 2559 1146 2609 medic.

143 2644 335 2709 legalis,
373 2643 457 2691 lib.
484 2644 556 2700 vi,
600 2645 672 2689 tit.
710 2656 758 2700 1,
802 2640 878 2688 De
905 2628 1151 2688 ¹erroribus

142 2725 434 2773 medicorum
456 2762 468 2783 ‚
504 2733 668 2788 quaest.
707 2740 753 2779 v,
787 2740 839 2770 n.
873 2720 905 2784 4
945 2733 990 2769 et
1017 2738 1148 2788 seqq.

144 2807 317 2855 Mahon
332 2809 444 2871 ipse,
466 2806 558 2853 loc.
577 2807 656 2853 cit.
674 2806 829 2852 scribit
847 2822 860 2852 :
888 2803 1153 2852 L’assorbi-

146 2896 298 2935 memo
340 2887 562 2950 (prolifici
598 2886 830 2943 humoris)
862 2887 1154 2933 trasmettert'z

149 2968 402 3033 oleamque
444 2967 556 3016 delle
585 2967 806 3033 paticelle
838 2967 893 3015 di
926 2984 1028 3014 una
1058 2985 1155 3015 sos-

149 3058 295 3098 ianza
319 3052 468 3099 activa
491 3089 505 3111 ,
535 3051 619 3098 che
660 3049 972 3098 stabiliranno
1006 3049 1054 3097 la
1079 3067 1156 3097 ca-

151 3131 256 3178 ηίιὰ
303 3131 360 3178 ed
406 3147 766 3180 accresceranno
806 3130 846 3178 Ie
864 3131 1016 3195 sorze.
1055 3131 1158 3178 Atia

153 3211 268 3260 ibid.
309 3213 447 3261 videri
482 3225 689 3279 possunt.
738 3212 831 3261 Nec
860 3217 984 3261 enim
1006 3213 1158 3261 Theo·

154 3294 311 3357 logum
345 3294 472 3342 decet
503 3298 553 3343 in
590 3282 834 3344 nonnullis
869 3295 927 3342 ad
961 3297 1161 3359 particu-

155 3373 271 3422 laria
295 3374 588 3424 descendere.
608 3377 737 3426 Adde
760 3413 775 3440 ‚
805 3386 1016 3424 naturam
1037 3375 1161 3423 mul-

157 3456 301 3520 tiplici
338 3459 512 3504 ratione
539 3456 625 3504 sibi
645 3460 898 3523 prospicere
918 3493 931 3516 ,
958 3467 1009 3504 ut
1038 3457 1162 3506 idem

158 3547 316 3586 auctor
344 3537 568 3586 observat.
589 3537 722 3602 Quod
749 3539 938 3605 quidem
968 3555 1021 3586 ex
1063 3557 1170 3603 pro-

1204 1245 1409 1293 Lezioni
1434 1241 1490 1293 di
1519 1245 1784 1311 Fisioloqia
1802 1285 1814 1306 ‚
1842 1245 2015 1296 Torino
2046 1247 2173 1296 1830
2202 1286 2217 1306 ‚

1205 1337 1321 1375 tom.
1355 1347 1413 1389 x,
1435 1329 1522 1376 lez.
1555 1340 1732 1386 Lxxxn,
1763 1347 1866 1394 pag.
1889 1327 1984 1396 96,
2002 1330 2082 1377 ubi
2101 1332 2224 1378 inter

1207 1422 1353 1460 cetera
1368 1411 1464 1459 haec
1485 1412 1649 1462 scribit,
1681 1430 1695 1460 ε
1727 1412 1839 1461 Una
1876 1414 2055 1480 siffalta
2088 1417 2223 1479 quis-

1210 1494 1340 1540 tione
1373 1492 1397 1538 ἐ
1418 1490 1556 1539 molto
1574 1492 1792 1541 delicata.
1821 1493 1932 1542 Non
1964 1494 2121 1543 vuolsi
2139 1504 2226 1543 tut·

1213 1575 1346 1621 tavia
1367 1575 1599 1637 preterire
1618 1611 1631 1633 ,
1654 1575 1827 1638 perche
1851 1574 2019 1624 alcuni
2042 1575 2089 1623 la
2113 1592 2227 1641 pro-

1209 1672 1433 1721 ponqono
1451 1693 1466 1716 ‚
1488 1674 1512 1703 e
1539 1657 1811 1705 vorrebbero
1829 1695 1843 1714 ‚
1872 1660 1955 1706 che
1979 1661 2026 1705 si
2045 1668 2228 1724 potesse

1220 1738 1531 1793 elimosinam,
1571 1755 1698 1786 come
1746 1739 1793 1787 la
1835 1743 2123 1803 continenza
2151 1743 2229 1789 sia

1220 1824 1465 1870 contraria
1485 1821 1574 1868 alle
1601 1822 1727 1887 leqqi
1757 1822 1880 1871 della
1924 1826 2102 1873 sanita.
2135 1825 2232 1873 Noi

1222 1903 1414 1968 dunque
1439 1903 1711 1951 stabiliamo
1733 1941 1746 1960 ‚
1776 1905 1859 1952 che
1891 1906 1994 1970 que'
2021 1909 2125 1954 cusi
2140 1944 2152 1966 ,
2178 1908 2233 1953 in

1225 1988 1307 2032 cui
1319 1982 1366 2032 la
1385 1990 1672 2033 continenza
1683 1986 1743 2050 fu
1766 1988 1936 2034 nociva
1955 2024 1969 2050 ,
1989 2004 2099 2035 sono
2113 1989 2236 2036 anzi

1227 2069 1567 2132 immaqinarii
1587 2107 1602 2129 ,
1648 2069 1731 2117 che
1764 2069 2025 2134 probabili.
2060 2071 2236 2136 Raqio-

1226 2151 1388 2196 niamo
1425 2166 1569 2198 senza
1600 2153 1961 2216 prevenzion03
2006 2153 2066 2199 m}
2101 2169 2240 2200 man-

1227 2231 1437 2279 cheremo
1481 2232 1531 2279 di
1569 2232 1864 2280 validissimi
1906 2236 2170 2297 arqomenti
2209 2251 2241 2282 a

1229 2314 1514 2378 conqm‘dere
1556 2316 1577 2360 i
1619 2317 1800 2363 nemioi
1845 2315 1966 2363 della
2003 2318 2246 2380 veryinitc'z

1232 2397 1317 2460 (Ad
1341 2398 1511 2445 calcem
1542 2398 1789 2446 voluminis
1819 2400 1959 2446 videri
1987 2410 2131 2462 potest
2157 2401 2244 2447 ho-

1232 2497 1337 2527 rum
1383 2481 1588 2527 locorum
1620 2480 1907 2542 translatio).
1945 2479 2034 2544 Qui
2079 2482 2246 2529 deinde

1234 2560 1400 2607 thesim
1435 2578 1564 2607 suam
1601 2563 1775 2624 egregie
1811 2561 2003 2609 adstruit
2047 2580 2101 2609 ex
2133 2565 2246 2610 inti·

1235 2643 1321 2688 mis
1351 2641 1645 2706 physiologiae
1679 2645 1930 2707 principiis.
1963 2643 2149 2691 Utinam
2174 2647 2257 2692 in-

1236 2723 1503 2771 dissolubile
1539 2728 1805 2790 conjugium
1854 2728 1972 2773 inter
2008 2729 2248 2774 scientiam

1236 2820 1291 2851 ac
1321 2805 1589 2869 religionem
1620 2806 1869 2871 aliquando
1910 2807 2249 2856 celebraretur!

1235 2885 1407 2934 Verum
1439 2887 1590 2950 plures
1628 2891 1826 2952 cupiunt
1870 2906 2032 2936 vanam
2076 2900 2254 2953 captare

1237 2969 1472 3035 gloriolam
1490 2970 1613 3034 apud
1640 2971 1802 3020 stultos
1833 3009 1845 3029 ‚
1874 2980 2029 3019 mente
2049 2990 2145 3020 non
2166 2978 2256 3019 mi-

1237 3068 1325 3099 nus
1362 3069 1504 3116 quam
1546 3052 1681 3098 corde
1726 3064 1980 3116 corruptos.
2034 3053 2114 3101 Ast
2147 3070 2259 3101 con-

1240 3123 1412 3181 stanter
1445 3133 1630 3181 tandem
1661 3134 1910 3200 aliquando
1941 3137 2128 3182 scientia
2155 3137 2260 3182 vin·

1241 3215 1364 3263 dicat
1391 3232 1438 3262 se
1463 3214 1521 3262 de
1547 3210 1718 3280 injuria
1749 3215 1840 3263 sibi
1868 3215 1992 3262 illata
2015 3251 2027 3273 ‚
2059 3216 2170 3262 dum
2200 3219 2262 3264 ir-

1241 3295 1449 3359 religioni
1487 3312 1539 3343 ac
1577 3297 1798 3359 impietati
1831 3297 2047 3342 inservire
2086 3299 2262 3360 cogitur

1242 3388 1398 3426 contra
1437 3397 1518 3426 sua
1545 3381 1687 3442 ipsius
1723 3388 1844 3425 vota.

1315 3459 1384 3522 (3)
1420 3459 1678 3524 OEniponti
1726 3455 1870 3523 1693.
1910 3457 2061 3507 Etiam
2085 3459 2265 3527 Hippo-

1253 3553 1430 3601 crates,
1451 3544 1501 3590 in
1541 3541 1704 3606 Epist.
1732 3540 1797 3586 ad
1823 3538 2137 3607 Domaqetem
2157 3546 2266 3592 scri-

158 3618 280 3668 fesso
292 3620 488 3668 ostendit
504 3619 577 3667 Cl.
582 3619 855 3668 Laurentius
868 3619 1173 3683 Martinipro-
1252 3627 1382 3690 psit:
1398 3619 1539 3677 '‘0205-
1575 3619 1785 3688 ἅνθρωπος
1812 3627 1972 3676 νοῦσος.

161 3695 299 3749 sessor
338 3703 388 3748 in
429 3700 639 3751 Univers.
678 3701 980 3762 Taurinensi‚
1012 3702 1061 3749 in
1093 3717 1172 3765 op.

324 3768 556 3827 T.v11.

1954 3771 2026 3827 12
