2508 4120
294 92 412 150 362
924 109 1246 147 Tuscu-rus
1294 109 1362 146 mr.
1410 110 1792 149 nummolum

376 256 522 317 272.
572 255 787 313 Verum
828 274 951 312 non
980 254 1177 312 minus
1209 250 1393 312 solide
1417 251 1605 313 altera
1636 250 2053 336 propositionis
2093 276 2226 337 pars
2263 260 2434 321 evin-

291 356 475 427 citur,
515 347 651 408 talia
695 347 913 408 scilicet
953 348 1218 429 conjugia
1269 346 1594 431 improbari
1627 352 1762 427 jure
1805 348 2029 412 divino.
2077 351 2232 411 Deus
2276 356 2435 414 enim

294 445 557 508 Hebraeis
609 443 913 527 prohibuit
940 490 958 520 ,
1006 466 1083 504 ne
1133 446 1398 525 conjugia
1439 445 1755 505 miscerent
1779 467 1915 509 cum
1943 445 2278 506 infidelibus
2306 450 2436 531 (l);

290 541 498 603 eadem
540 563 720 624 porro
754 543 903 600 ratio
946 539 1165 599 militat
1203 541 1357 601 circa
1395 541 1662 620 conjugia
1695 541 1958 601 fidelium
2003 541 2437 606 Catholicorum

290 661 427 699 cum
445 637 802 713 acatholiciS,
835 648 903 696 ut
932 647 1161 697 constat
1181 658 1253 697 ex
1280 638 1454 696 Deut.
1502 638 1597 696 Vll
1621 682 1637 711 ,
1676 638 1712 695 3
1741 660 1754 695 ε
1782 638 1989 719 Neque
2016 641 2270 700 sociabis
2299 662 2441 699 cnm

290 738 375 795 eis
403 737 710 815 conjugia.
744 734 979 794 Filiam
1012 743 1186 793 tuam
1212 754 1331 792 non
1363 734 1543 792 dahis
1560 735 1689 814 filio
1707 739 1872 813 ejus,
1923 757 2036 795 nec
2049 737 2248 814 filia-m
2272 738 2444 796 illius

289 834 552 912 accipies
580 832 710 910 filio
746 841 888 897 tuo;
917 834 1067 911 quia
1111 832 1348 889 seducet
1373 831 1583 909 filium
1627 841 1807 890 tecum
1829 877 1846 903 ,
1891 854 1963 891 ne
1998 843 2286 912 sequatur
2322 855 2435 892 me.

292 926 409 987 Sed
445 926 655 987 clarius
695 924 887 986 adhuc
914 925 976 986 id
1015 935 1246 985 constat
1268 947 1341 986 ex
1377 925 1684 1009 Apostolo‚
1717 927 1817 1009 qui
1856 927 1930 986 ad
1966 928 2165 988 Titum
2192 927 2436 988 scribit:

292 1025 676 1083 Haereticam
709 1023 1078 1082 hominem...
1119 1023 1319 1081 devita
1342 1020 1457 1103 (2).
1484 1023 1542 1081 Si
1571 1044 1711 1082 vero
1745 1044 1818 1083 ex
1859 1023 2147 1105 Apostolo
2186 1023 2447 1085 haeretici

293 1119 523 1180 vitandi
552 1130 728 1192 sunt,
765 1118 1065 1202 quomodo
1094 1130 1378 1200 poterunt
1410 1140 1542 1178 cum
1577 1119 1716 1202 ipsis
1747 1119 1883 1179 iniri
1915 1119 2254 1181 connubia?
2302 1124 2446 1180 Rur-

292 1237 426 1275 sum
448 1214 610 1276 idem
629 1214 943 1298 Apostolus
969 1214 1235 1297 regulam
1254 1213 1655 1275 ineundorum
1674 1216 2078 1296 conjugiorum
2096 1215 2443 1276 Christianis

291 1311 602 1396 praebens3
647 1313 771 1374 Cui
809 1313 972 1387 vult,
1016 1310 1260 1387 scribit,
1323 1313 1521 1371 nubat
1548 1356 1566 1388 ,
1612 1322 1861 1371 tantum
1903 1314 1974 1371 in
2021 1314 2286 1372 Domino
2333 1313 2444 1393 (3).

293 1411 430 1470 Jam
464 1431 606 1472 vero
636 1408 735 1469 ille
771 1419 1016 1469 tantum
1052 1411 1125 1468 in
1156 1410 1419 1468 Domino
1459 1407 1685 1468 nubere
1719 1419 1994 1469 censetur
2019 1455 2036 1483 ‚
2081 1410 2182 1492 qui
2215 1411 2279 1468 in
2310 1431 2446 1472 vera

297 1507 514 1567 Christi
541 1507 822 1584 Ecclesia,
866 1529 933 1567 ac
954 1508 1208 1567 Domino
1244 1504 1534 1588 probante
1566 1517 1626 1565 et
1661 1506 1998 1588 auspicante
2028 1552 2043 1580 5
2072 1507 2320 1589 nuptiali
2344 1506 2447 1567 foe-

297 1603 436 1664 dere
450 1604 740 1684 jungitur.
773 1605 916 1663 Haec
932 1602 1113 1664 verba
1138 1613 1452 1684 propterea
1483 1623 1764 1661 enarrans
1788 1600 2183 1661 Tertullianus
2201 1600 2438 1661 scribit:

303 1700 460 1761 Cum
493 1700 645 1759 dicit
669 1701 1019 1780 Apostolus,
1054 1709 1297 1758 tantum
1325 1702 1396 1757 in
1431 1699 1725 1767 Domino,
1749 1702 2046 1776 jamnon
2083 1699 2326 1766 suadet,
2350 1698 2454 1756 sed

297 1807 490 1855 emerte
514 1797 721 1874 jubet.
769 1796 979 1874 Iyitur
1017 1800 1085 1853 in
1128 1799 1243 1854 ista
1280 1798 1557 1853 mamime
1593 1799 1819 1874 specie,
1856 1797 1987 1853 nisi
2022 1795 2446 1873 obsequimur,

289 1893 730 1972 periclitamur
758 1888 871 1970 (4).

381 1987 525 2048 273.
575 1988 766 2069 Atque
810 1986 950 2045 hinc
1000 1985 1221 2046 factum
1275 1996 1395 2060 est,
1443 1996 1510 2045 ut
1560 1985 1806 2046 Ecclesia
1859 1985 2145 2064 ejusmodi
2183 1985 2449 2066 conjugia

306 2083 738 2147 Catholicorum
781 2105 915 2167 cum
939 2081 1226 2142 haereticis
1256 2102 1493 2163 semper
1532 2103 1653 2140 non
1681 2081 1874 2140 solum
1910 2081 2314 2155 exhorruerit,
2363 2082 2449 2139 uti

305 2185 509 2243 Patres
552 2202 757 2241 omnes
787 2179 970 2239 Graeci
1002 2190 1061 2238 et
1088 2178 1278 2238 Latini
1312 2189 1491 2238 testes
1533 2190 1673 2236 sunt
1700 2177 2135 2258 locupletissimi
2177 2176 2269 2257 (5)
2290 2223 2305 2251 7
2345 2177 2448 2236 sed

299 2475 488 2542 palam.
530 2473 646 2523 Non
691 2472 800 2521 licet
844 2473 983 2521 nobis
1029 2472 1334 2519 commiscere
1422 2470 1698 2518 benedicere
1722 2469 1804 2517 has
1821 2470 2010 2534 nuptias
2033 2469 2043 2516 !
2067 2469 2324 2531 Quantum
2346 2483 2455 2515 mu-

306 2558 533 2626 conjuqia
551 2575 661 2606 cum
684 2556 901 2624 Popistis
915 2592 932 2619 ,
954 2558 1044 2622 qni
1061 2555 1205 2603 nobis
1221 2562 1338 2602 sunt
1422 2552 1512 2601 tati
1539 2551 1600 2600 ab
1631 2550 1730 2599 illis
1751 2553 1771 2601 ‚¹

307 2641 693 2692 antichristiani.
724 2640 825 2689 Csr.
870 2642 1008 2689 etiam
1036 2638 1300 2687 Gerhardus
1320 2675 1333 2696 ‚
1492 2634 1554 2697 (l)
1592 2634 1742 2684 Exod.
1777 2648 1923 2694 xxm,
1956 2633 2054 2694 323
2109 2648 2257 2680 xxxiv
2281 2669 2293 2691 ‚
2345 2629 2405 2679 ι6
2435 2648 2450 2693 ;

310 2725 429 2773 Loc.
465 2721 508 2774 Τ
506 2722 627 2773 heol.
667 2727 741 2772 tit.
779 2720 852 2772 De
876 2723 1159 2771 matrimon.
1189 2721 1338 2786 Carp·
1426 2718 1572 2768 Dent.
1589 2735 1657 2768 vn
1677 2755 1690 2778 ‚
1724 2718 1773 2767 3.
1800 2718 1953 2765 Patres
1976 2716 2074 2764 haec
2095 2714 2343 2780 Scripturae
2361 2724 2452 2762 tes-

315 2809 487 2857 zowius
507 2843 521 2866 ‚
541 2805 948 2873 Jurisprudemia
966 2803 1336 2862 consistorialis,
1425 2803 1618 2851 timonia
1654 2801 1712 2850 ad
1738 2801 1978 2848 haereticos
1996 2801 2139 2847 etiam
2174 2800 2343 2862 passim
2371 2814 2448 2845 ex-

312 2895 389 2941 tit.
421 2908 438 2939 1
460 2928 475 2952 ‚
508 2888 593 2937 De
619 2890 740 2954 Res.
783 2907 826 2939 vn
848 2925 862 2949 ,
893 2908 946 2937 n.
976 2886 1043 2937 36
1065 2926 1079 2948 ‚
1115 2889 1197 2935 ubi
1221 2903 1337 2936 con·
1426 2885 1643 2933 tendunt.
1681 2883 1810 2931 lnter
1841 2892 2016 2930 ceteros
2050 2877 2095 2929 S.
2133 2879 2414 2928 Ambrosius
2439 2917 2451 2936 ‚

310 2975 438 3041 jugia
483 2975 607 3021 inter
653 2971 943 3021 Lutheranos
990 2980 1034 3019 et
1075 2966 1340 3018 Catholicos
1426 2966 1509 3015 lib.
1552 2967 1637 3014 cit.
1688 2962 1771 3012 De
1817 2962 2103 3022 Abraham,
2141 2978 2246 3028 cap.
2289 2980 2352 3029 9,
2401 2980 2452 3010 n.

313 3068 417 3106 tum
455 3055 606 3105 solum
659 3054 786 3104 licita
840 3053 1180 3119 perhibentur,
1228 3068 1338 3101 cum
1428 3045 1496 3112 84
1514 3083 1530 3109 ,
1553 3050 1615 3096 ita
1644 3048 1882 3113 loquitur:
1914 3044 2042 3094 Cave
2065 3081 2082 3107 ,
2112 3043 2340 3113 gentilem
2372 3053 2459 3093 aut

314 3135 416 3206 spes
443 3139 666 3206 affulgeat
684 3175 698 3199 ,
739 3137 867 3204 quod
894 3135 1162 3185 Catholicus
1181 3135 1342 3183 induci
1416 3130 1641 3198 judoeam
1667 3138 1808 3195 atque
1841 3128 2164 3194 alieniqenam
2188 3165 2202 3187 ‚
2229 3127 2314 3176 hoc
2347 3135 2415 3175 est
2440 3165 2453 3187 ‚

315 3225 459 3288 possit
475 3220 538 3272 ad
563 3221 870 3289 profitendam
901 3220 1160 3268 doctrinam
1188 3217 1344 3267 luthe-
1432 3214 1706 3263 haereticam
1737 3221 1782 3261 et
1822 3228 2008 3260 omnem
2053 3210 2266 3259 alienam
2305 3228 2336 3258 a
2360 3209 2457 3273 fide

317 3321 480 3354 ranam
498 3344 511 3366 ‚
547 3323 602 3355 ac
627 3301 718 3353 filii
749 3304 927 3353 institui
955 3301 1157 3351 debeant
1182 3303 1233 3348 in
1257 3300 1346 3349 hac
1435 3306 1520 3348 tua
1552 3313 1749 3346 uxorem
1787 3296 2025 3345 accersias
2048 3295 2153 3343 tibi.

316 3389 545 3438 doctrina.
567 3388 642 3437 Ita
667 3387 863 3456 quidem
888 3385 1152 3435 Calviuistae
1182 3400 1235 3433 ac
1247 3383 1344 3432 Lu·-
1506 3383 1574 3447 (2)
1618 3381 1734 3448 Cap.
1768 3397 1817 3429 ιιι
1835 3417 1849 3441 ,
1891 3395 1971 3429 ιο.

320 3472 500 3521 thei-ani
534 3469 647 3519 olim
679 3469 943 3520 sentiebant
962 3486 981 3530 ‚·
1012 3483 1142 3516 nunc
1176 3462 1347 3516 Evan-
1506 3464 1576 3530 (3)
1614 3465 1637 3513 1
1670 3464 1725 3513 ad
1764 3463 1874 3512 Cor.
1914 3479 2003 3522 vn,
2040 3463 2119 3528 39.

317 3553 463 3619 qelici
480 3591 494 3616 ‚
547 3555 596 3603 id
645 3565 711 3603 est
727 3591 740 3613 ‚
779 3548 1350 3602 CaloinistwLutherani
1508 3548 1575 3610 (A)
1614 3546 1707 3596 Ad
1735 3561 1872 3594 nator.
1906 3544 1993 3593 lib.
2031 3558 2066 3591 1¹
2094 3580 2107 3603 ‚
2142 3561 2242 3608 cap.
2287 3559 2326 3591 ι,

322 3650 539 3705 torquent
580 3636 843 3687 Catholicos
867 3675 878 3697 ‚
931 3653 982 3685 eo
1021 3634 1146 3701 quod
1200 3635 1352 3682 nolint
1506 3629 1788 3693 (5)Patrum
1828 3628 2091 3676 testimonia
2125 3663 2135 3685 ‚
2165 3623 2333 3690 quibus
2367 3624 2460 3668 im-
